2640 4608
654 162 667 233 ‚¹
889 187 909 234 J

497 293 589 363 1531.
648 242 665 258 e
858 367 860 374 y
1015 285 1076 360 w?
1090 313 1099 328 ⁴*

41 461 157 515 errare,
182 447 210 514 ¹)
235 449 291 506 sed
316 456 415 518 tameat
438 447 518 508 hano
542 452 640 524 legem
664 449 784 509 sustulit
809 447 864 507 alia
888 447 941 506 iex
967 445 1086 512 dicina,

41 538 134 594 scilicet
150 541 182 604 ²)
202 542 461 612 circumcisionis,
487 554 515 598 et
531 543 631 612 licuit,
656 542 717 598 into
735 542 867 616 oportuit
885 540 999 612 inipso
1017 539 1085 595 sab.

40 622 112 684 batbo
126 633 266 702 (quoties
283 632 338 688 fuit
360 644 465 688 octava
489 633 551 688 drea
573 650 590 688 a
606 631 775 699 nativitate)
793 629 1027 700 circumcidere,
1050 636 1086 684 ut

41 717 158 774 Christus
174 723 239 793 ipse
252 721 387 794 disputat
401 721 536 778 Johann.
552 723 608 792 V„
626 735 657 778 et
673 722 766 778 cessit
783 723 823 778 ita
832 719 864 790 ³)
881 709 933 778 leat
949 720 1087 777 sabbathi

40 807 81 877 legi
96 806 551 884 circumcisionis‚'peccabatur
571 814 600 868 in
618 814 716 884 legem
730 811 885 882 saidaathi,
901 804 933 878 ⁴)
958 827 1013 866 seu
1033 809 1086 866 lex

39 900 153 958 sabbathi
171 903 271 972 potius
288 903 414 960 cedebat
430 894 640 962 attollebatur
657 906 688 960 in
704 903 763 960 isto
779 918 861 960 casu.
897 903 965 958 imo
977 892 1007 968 ⁵)
1025 902 1086 958 sin.

38 989 96 1058 gulis
111 991 265 1050 sabbathis
279 1009 367 1070 mane
384 1003 415 1050 et
430 995 550 1068 vesperi
567 986 807 1064 sacrificabatur,
825 1003 855 1049 et
867 992 1087 1064 peragebantur

37 1082 113 1136 onnia
135 1099 227 1154 opera
245 1083 438 1138 sacerdotum
462 1083 492 1138 in
515 1085 646 1154 templo,
671 1093 702 1138 et
724 1093 825 1139 tamen
841 1083 1018 1138 sacerdotes
1042 1081 1089 1134 in.
1123 1135 1127 1145 ,

38 1170 127 1241 culpati
150 1171 286 1240 suerunt,
309 1183 343 1228 ut
362 1173 458 1243 arguit
474 1173 615 1230 Christus
630 1172 731 1230 Math.
748 1174 823 1230 xu.
858 1171 941 1248 Quin
967 1182 997 1227 et
1019 1172 1087 1244 ipsa

36 1261 206 1320 circumcisio
231 1264 357 1320 cedebat
376 1281 460 1324 novo
483 1266 622 1334 mapdato
636 1265 717 1334 Dei,
742 1281 804 1338 quo
829 1265 960 1336 populus
975 1263 1083 1334 jussus
1161 1339 1166 1346 1

36 1351 101 1406 exire
123 1355 159 1409 de
185 1355 322 1428 Aegypto
346 1357 420 1416 totis
447 1359 529 1414 annis
554 1356 745 1429 quadraginta
768 1355 890 1410 durante
915 1354 978 1411 hoc
1000 1369 1084 1408 novo
1098 1387 1105 1416 ς,

35 1445 152 1500 mandato
178 1445 293 1524 absque
316 1457 443 1519 peccato
463 1464 525 1518 nou
549 1445 850 1522 circumcidebantur.
868 1437 900 1514 ⁶)
934 1445 1009 1502 Item
1033 1445 1087 1502 lex

35 1532 111 1590 divina
128 1537 200 1604 fuit,
220 1553 313 1608 panes
327 1537 544 1610 propositionis
561 1539 662 1595 asoiis
674 1537 883 1594 sacerdotibus
902 1536 949 1591 etii
963 1536 1105 1607 debere„
1151 1536 1155 1550 '

35 1635 57 1676 rt
76 1633 168 1681 tamen
182 1627 285 1682 David
302 1628 396 1684 laicus
415 1643 469 1684 eos
487 1629 622 1686 comedit
637 1629 703 1686 sine
720 1637 865 1702 peceato,
890 1627 1008 1686 scilicet
1031 1627 1088 1682 alia

35 1712 85 1780 iege
98 1715 157 1772 Dei
168 1716 314 1787 jubente,⁴
339 1718 456 1776 scilicet
472 1709 506 1784 ⁷)
532 1717 687 1774 charitatis
705 1735 775 1788 erga
791 1717 964 1790 proximum
988 1718 1017 1772 in
1034 1733 1088 1772 ne.
1106 1773 1108 1780 ,

34 1806 155 1862 cessitate
179 1807 386 1865 constitutum.
418 1807 461 1864 Et
483 1809 550 1864 talia
571 1809 665 1864 muita
686 1819 756 1864 sunt
778 1809 935 1882 exempta,
960 1807 1011 1862 ubi
1035 1808 1088 1864 lex

35 1894 112 1952 divina
134 1887 236 1970 iegem
258 1899 389 1954 divinam
413 1899 502 1954 tollit.
545 1898 588 1954 Et
609 1897 681 1972 quid
708 1900 822 1954 faciunt
844 1899 1031 1969 magistratus
1056 1905 1089 1953 et

33 1981 101 2052 gladii
122 2003 159 2043 ac
183 1989 288 2058 degum
313 1999 513 2058 executores,
539 1989 727 2058 occidendo,
755 1989 916 2062 rapiendo,
941 1987 1088 2060 privando
1152 1999 1156 2006 ’

33 2073 106 2130 rebus
121 2089 287 2148 nocentes,
304 2079 362 2135 nisi
374 2080 456 2152 quod
473 2079 582 2135 tollunt
598 2080 681 2150 iag'es
695 2079 751 2136 has
769 2081 902 2136 divinas:
919 2095 986 2133 non
1003 2077 1089 2134 occi..

36 2165 97 2238 das,
117 2167 473 2242 nonfurtumsacias?
495 2171 612 2226 scilicet
634 2171 688 2226 aiia
707 2172 774 2242 lego
792 2171 889 2226 divina
901 2169 982 2240 jussi
1007 2170 1089 2223 occi.

34 2255 89 2312 dere
112 2271 141 2316 et
167 2276 274 2333 rapere
295 2271 501 2336 nocentesque
519 2263 642 2334 punire,
667 2261 750 2334 quod
769 2261 834 2318 sina
857 2261 923 2330 lege
948 2259 1002 2314 alia
1025 2276 1089 2316 non

34 2343 117 2403 liceret
139 2349 324 2421 prohibente
345 2351 393 2405 ilia
416 2351 498 2421 lege:
522 2333 748 2414 aon'occidas„
779 2350 901 2426 Quanto
917 2350 1011 2419 magis
1034 2348 1089 2404 hic

34 2433 146 2505 etiami)
165 2441 220 2496 lex
238 2441 292 2496 ista
308 2439 451 2510 humana:
469 2457 536 2495 nora
550 2441 651 2496 ducas
658 2439 790 2512 fratris
801 2437 924 2494 mortui
939 2447 1088 2510 terrorem,

35 2529 105 2586 debet
119 2532 194 2589 huic
210 2532 305 2604 priori
323 2546 353 2588 et
369 2533 475 2605 majori
492 2533 549 2604 legi
568 2535 694 2589 cedere:
716 2533 769 2588 vir·
792 2549 929 2588 uxorem
948 2548 1015 2586 non
1034 2531 1090 2588 de..

33 2631 105 2677 serat
126 2631 158 2679 et
181 2623 252 2680 sint
276 2623 339 2678 duo
365 2623 400 2678 in
426 2639 526 2678 earne
549 2639 628 2678 uno.
661 2623 745 2698 Quin
770 2623 797 2678 si
821 2623 909 2680 etiam
932 2625 984 2678 lex
1010 2630 1091 2678 esset

35 2709 129 2772 divina:
146 2731 217 2772 non
236 2713 337 2770 ducas
353 2731 489 2769 uxorem
497 2711 629 2785 fratris
646 2714 785 2783 mortui,
802 2721 902 2769 tamen
920 2713 983 2786 ipsa
1000 2713 1091 2770 debet

34 2807 123 2861 cedere
148 2816 182 2862 et
197 2805 265 2862 tolii
281 2813 406 2879 propter
422 2805 520 2876 legem
538 2805 667 2876 conjugii
685 2813 718 2860 ut
736 2805 945 2878 superiorem,
962 2797 988 2870 9)
1011 2805 1091 2860 sicut

34 2907 103 2963 supra
119 2898 239 2953 dictum
260 2895 358 2952 estin
381 2895 547 2976 exemplis,
572 2912 663 2968 quarn
687 2911 777 2968 saepe
798 2895 851 2951 iex
869 2895 967 2952 divina
990 2896 1089 2968 legem

34 2983 144 3042 divinam
162 2985 332 3042 sustulerit.
349 2984 388 3054 ¹⁰)

83 3077 137 3133 Sed
150 3077 299 3147 fingamus
317 3084 417 3130 tamen
433 3073 532 3147 (quod
548 3063 650 3130 tamen
660 3072 700 3141 ¹¹)
715 3093 777 3131 non
789 3085 837 3132 est
849 3073 972 3144 verum)
989 3073 1089 3156 legem

34 3160 103 3222 Moti
120 3167 224 3224 adhuc
240 3166 342 3221 vaiere
359 3174 464 3236 stnos
481 3172 583 3236 gentes
595 3165 697 3236 ligare,
715 3165 765 3222 ubi
780 3167 852 3221 dicit
863 3167 962 3222 Levit.
975 3163 1089 3222 XVIII.

37 3253 274 3329 Turpitudinem
290 3255 407 3312 uxoris
413 3254 545 3326 fratris
556 3256 605 3310 tui
615 3273 681 3311 non
694 3255 869 3313 revelabis:
887 3257 958 3328 quid
975 3270 1014 3310 ex
1026 3256 1090 3310 hoc

35 3351 104 3400 terto
116 3347 254 3404 facient?
287 3346 557 3414 Textusenim12)
575 3346 709 3418 loquitur
720 3347 757 3400 de
774 3345 960 3413 transitivo,
976 3361 1038 3400 non
1050 3339 1089 3411 ¹³)
1125 3369 1136 3392 ν

70 3547 87 3595 ί)
99 3541 176 3591 (lodd'.
192 3544 475 3600 (cruentationes.
519 3547 541 3597 2)
557 3543 616 3591 cod.
630 3545 674 3592 tta.
688 3543 705 3596 †
718 3542 768 3589 lex.
812 3543 835 3595 3)
848 3541 938 3588 Bodd.
953 3539 1006 3588 iata.
1027 3541 1087 3590 cod.

34 3615 126 3666 idida.
178 3621 203 3671 1)
221 3619 594 3676 coasts-peccabaturete
647 3614 913 3680 sicorim-inq.
971 3617 992 3668 t)
1010 3615 1087 3664 coda.

34 3687 244 3740 rirrumridebatur.
270 3693 329 3738 cod.
339 3694 384 3740 168,
398 3694 453 3746 batt
464 3689 528 3750 Quin
542 3693 582 3738 eie
597 3705 619 3754 ε,
626 3689 688 3750 Quia
697 3686 840 3737 sabbathum
849 3687 984 3736 sedebatis
994 3687 1087 3738 casibus

33 3773 85 3810 novo
97 3767 230 3822 mundato,
239 3769 271 3810 ut
283 3765 381 3822 impune
394 3755 597 3812 circumciderent
611 3769 637 3811 et
648 3765 826 3810 sacrificarent.
872 3763 895 3814 7)
909 3763 968 3808 Cod.
979 3764 1023 3810 161.
1037 3760 1054 3809 l.
1065 3773 1087 3808 c.

32 3836 50 3878 tt
61 3838 129 3886 codd.
139 3839 251 3893 (sudarat.
257 3841 312 3892 168.)
322 3861 348 3871 -
361 3839 442 3884 etiam.
483 3841 505 3903 1)
520 3839 579 3884 cod
587 3841 632 3888 168.
645 3841 719 3885 otest
729 3838 849 3894 superior.
894 3839 926 3889 1⁰)
941 3836 1090 3890 concion.

33 3921 120 3967 -gnam
134 3923 212 3968 saepe
222 3914 269 3957 etc.
320 3915 353 3964 11)
366 3911 425 3957 cod.
436 3914 612 3966 tta-tamen
662 3912 697 3962 12)
711 3909 786 3956 codd.
800 3921 864 3966 ιιοιι,
879 3908 1119 3964 ammoneret.

35 3981 77 4031 tau
88 3997 145 4032 riou.
200 3987 235 4037 13)
249 3983 309 4046 cod.
317 3986 363 4032 tta.
375 4007 402 4020 ·-
413 3983 474 4030 vivo
487 3995 546 4031 uun.
