2640 4608
183 152 195 184 Ι

124 2419 127 2427 .
202 2354 309 2402 ,totam
334 2347 463 2404 Galliam
485 2349 563 2404 bona
597 2361 625 2406 et
652 2369 701 2406 res
727 2350 953 2406 Genevensium
974 2347 1094 2414 (nescio
1116 2344 1168 2398 ob
1192 2361 1286 2416 qnam
1311 2359 1312 2430 t

214 303 287 382 '³10
606 381 612 390 ,
711 291 804 380 ts'st.

839 285 842 292 ι
903 267 916 300 l

223 449 363 548 Optimo
373 480 404 529 et
414 489 633 534 srncerastrmo
645 473 740 543 Varo,
757 473 801 528 D.
813 469 868 526 M.
882 469 921 525 G.
933 466 1116 556 Spalatinm
1131 438 1271 520 nrinistro
1309 501 1310 546 Ξ

351 565 473 623 Christi
486 565 571 634 sorti
588 565 740 635 etfideli,
757 545 815 618 ειῖο
827 557 1025 618 charissimo
1033 547 1154 632 fratri.
1309 559 1310 638 i

223 680 370 782 Gratiam
387 739 418 783 et
435 745 539 798 pacem
558 729 588 784 in
604 703 739 791 Christo.
772 727 823 784 De
837 726 964 781 mirifico
981 725 1031 779 ilio
1044 725 1164 796 pulvere
1175 731 1274 774 contra
1309 697 1310 742 fi

142 828 146 837 ¹
219 829 337 888 pestem
360 819 496 888 salutari,
528 820 570 874 mi
587 801 727 890 Georgi,
757 817 810 874 hic
834 816 910 872 nihil
941 831 1039 886 neque
1067 814 1275 880 sciturusque

220 909 347 964 auditur.
381 909 521 966 Christus
538 927 630 966 verus
654 911 702 965 iile
721 911 856 964 medicus
872 923 929 964 vos
949 905 1094 960 custodiat
1117 911 1146 957 et
1162 912 1275 968 servet,

218 1001 329 1055 Amen.
372 1000 465 1070 Spero
491 1011 607 1066 tamen,
632 1011 748 1072 pestem
776 1001 881 1104 istam?
909 997 988 1052 sicut
1011 1005 1050 1050 et
1065 993 1174 1066 ubique
1197 991 1276 1058 iere,

217 1087 328 1144 lentam
346 1099 376 1143 et
393 1090 573 1146 clementem
590 1091 667 1150 iore.
781 1093 785 1104 ’

279 1219 517 1278 Confessionem
533 1221 587 1276 Jo.
605 1219 768 1276 Fresleben
784 1217 813 1286 ²⁵)
831 1235 921 1274 nemo
939 1215 1027 1272 nobis
1045 1213 1164 1281 obtulit,
1181 1227 1279 1282 neque

147 1384 150 1390 ,
218 1324 350 1379 unquam
369 1309 506 1365 vidimus.
539 1311 693 1366 Dominus
711 1309 815 1366 reddet
828 1307 955 1380 Cygneis
972 1305 1105 1377 truncis,
1124 1303 1202 1375 quod
1218 1318 1281 1356 me.

105 1439 111 1454 .
145 1473 152 1484 ,
216 1411 321 1453 rentur
343 1415 397 1454 sua
420 1399 474 1454 ista
496 1400 704 1472 ingratitudine
728 1399 859 1456 maxima
883 1407 913 1454 et
937 1395 1065 1452 saevitia*
1082 1395 1112 1449 in
1135 1392 1280 1464 optimum
1310 1400 1311 1458 t

217 1486 327 1542 virum.
363 1487 419 1543 Sed
446 1489 582 1561 ipsorum
608 1507 674 1546 mos
700 1503 747 1546 est
773 1491 952 1546 contristare
970 1487 1105 1559 Spiritum
1128 1495 1280 1550 sanctum,
1310 1523 1311 1560 p

216 1567 316 1630 tainen
340 1577 368 1631 in
389 1580 551 1647 perniciem
569 1597 664 1650 snam.
697 1579 764 1650 Ego
781 1595 879 1634 meam
903 1577 1067 1656 apologiam
1090 1573 1185 1628 iibens
1205 1572 1283 1628 scri.

216 1665 339 1736 berem,
365 1669 418 1722 sed
435 1668 479 1724 sic
506 1669 687 1725 inarantibus
713 1670 831 1724 assidue
849 1667 1000 1724 distrahor
1017 1665 1160 1734 negotiis,
1185 1669 1214 1717 et
1232 1664 1282 1717 de.
1310 1675 1311 1722 t

216 1755 288 1812 bitis
306 1767 411 1812 teneor
428 1758 551 1826 officiis,
568 1771 651 1818 utne
665 1761 789 1832 septima
801 1773 870 1834 pars
883 1759 941 1814 mei
954 1755 1052 1830 possit
1068 1749 1132 1812 illi·
1126 1749 1283 1821 inservire,

217 1865 289 1904 cnm
313 1867 347 1904 ea
365 1861 461 1905 totum
479 1867 528 1906 me
546 1853 691 1924 requirat:
716 1853 762 1906 sic
779 1867 900 1924 semper
917 1851 979 1905 dies
1003 1849 1080 1903 diem
1098 1845 1229 1902 extrahit
1255 1859 1284 1901 et

215 1957 281 1997 rem
307 1941 411 1998 differt.
448 1943 534 1998 Duas
559 1941 651 2000 boras
677 1945 799 2014 singuiis
825 1943 938 2004 diebus
955 1941 1094 2016 impendo
1117 1939 1283 2012 Prophetis

217 2033 414 2102 corrigendis.
448 2033 505 2088 Sed
523 2034 595 2106 quid
612 2029 671 2090 tibi
682 2033 768 2090 haec
775 2052 838 2089 non
856 2033 980 2104 ignaro?

283 2165 406 2233 Certum
425 2177 489 2236 est,
511 2167 684 2224 Romanum
700 2166 879 2226 Pontificem
902 2165 1059 2222 alienatum
1081 2177 1148 2218 asse
1172 2177 1189 2218 a
1209 2160 1285 2217 Cae.

216 2271 303 2322 aare,
321 2267 349 2310 et
364 2255 484 2314 Gallum
503 2260 590 2314 etiarn
608 2275 750 2315 aversum
768 2275 836 2314 asse
854 2257 935 2327 cogit
953 2255 1119 2327 suspicari,
1134 2253 1217 2323 quod
1231 2269 1285 2324 per
1311 2316 1312 2358 p

216 2437 483 2505 offensiunculam)
507 2441 592 2513 diripi
614 2443 721 2512 iussit,
745 2442 775 2498 in
801 2442 902 2498 odium
925 2446 974 2504 (ut
996 2438 1112 2510 putant)
1134 2429 1284 2491 Caesaris.
1311 2445 1312 2488 t

213 2519 299 2582 Idem
324 2529 360 2582 de
380 2530 476 2599 anglo
493 2532 704 2602 auspicantur,
732 2550 769 2587 eo
786 2531 902 2588 scilicet
919 2527 1022 2600 signo,
1048 2527 1129 2599 quod
1150 2515 1312 2582 divortio
1311 2561 1312 2592 t

215 2617 362 2686 Reginam
385 2635 401 2672 a
426 2636 460 2674 se
486 2621 607 2676 trudere
633 2621 760 2692 quaerit
792 2621 885 2680 Nosti
912 2635 977 2676 eam
1001 2635 1070 2676 essa
1091 2625 1288 2674 materteram

216 2707 363 2780 Caesaris.
403 2709 446 2765 Ita
477 2709 508 2765 iit
538 2711 568 2766 iu
593 2711 654 2766 hoc
677 2712 813 2784 pessimo
841 2711 982 2776 saecuto,
1011 2709 1162 2766 istasunt
1187 2705 1289 2762 studia

215 2797 348 2856 filiorum
364 2799 533 2879 hominum.
566 2801 654 2858 Deus
673 2803 812 2874 respiciat
832 2801 921 2856 nobis
934 2801 1092 2855 Caesarem
1102 2840 1120 2868 ,A
1128 2809 1160 2852 et
1170 2797 1290 2870 Papam

215 2890 397 2958 confundat,
414 2892 493 2946 sicut
504 2890 650 2947 hactenus
668 2909 773 2947 omnes
788 2875 894 2948 iaceres
913 2891 996 2960 ejus,
1012 2892 1121 2945 Amen.
1157 2889 1290 2952 Cometa

214 2975 290 3033 mihi
308 2981 503 3050 cogitationes
520 2983 606 3049 iacit,
624 2977 682 3036 tarn
701 2983 838 3051 Caesari,
860 2989 948 3053 q'uam
964 2980 1151 3037 Ferdinando
1169 2980 1291 3050 impert.

215 3070 287 3124 dero
299 3070 394 3135 maia,
411 3073 543 3142 eoquod
561 3073 660 3144 primo
677 3073 802 3145 caudam
819 3073 906 3128 torsit
919 3072 955 3126 ad
972 3071 1160 3142 aquilonem,
1177 3067 1291 3124 deinde

118 3237 120 3244 Ι
150 3235 152 3243 J
215 3159 252 3213 ad
268 3159 423 3214 meridiem
440 3162 584 3230 mutavit,
601 3162 687 3233 quasi
705 3163 843 3247 utrinqne
861 3164 983 3218 fratrem
1001 3163 1044 3228 (?)
1062 3159 1249 3230 significans.

201 3281 203 3287 ⁴
283 3289 372 3346 Deus
391 3293 441 3347 det
459 3297 561 3354 costae
579 3301 647 3348 tuae
665 3293 792 3348 feliciter
813 3301 933 3346 uterum
959 3299 987 3346 et
996 3270 1080 3345 'terre
1097 3297 1134 3342 *et
1144 3271 1294 3361 ponere,

215 3377 418 3452 laetificetque
443 3397 498 3436 vos
523 3382 629 3438 ambos
649 3383 782 3454 pulchro
805 3389 836 3458 et
859 3380 964 3436 sanato'
982 3377 1145 3444 Habelnio,
1159 3369 1292 3432 ‘Amen

217 3469 315 3524 Saluta
341 3483 370 3527 ct
396 3473 534 3527 conforta
560 3472 606 3526 M.
630 3471 805 3546 Brisgerutn
830 3472 860 3526 in
884 3467 1029 3526 Domino.
1069 3467 1292 3538 Witeubergae

218 3563 260 3616 10.
279 3560 442 3631 Octobris,
459 3561 645 3618 MDXXXI.
1122 3613 1124 3618 .
1184 3629 1188 3636 ἱ

1034 3645 1038 3650 “
1084 3654 1125 3715 Τ..
1143 3655 1195 3711 Μ.
1214 3654 1257 3710 n.

240 3969 243 3976 ·
268 3943 292 3994 *t
310 3923 394 3994 otetat
413 3939 497 3993 taetri
508 3939 577 3998 *snut
593 3941 708 4005 partirer
724 3941 779 3998 (ant
794 3941 839 3990 or.
852 3945 875 3990 t.
889 3941 920 3988 ta.
934 3908 1034 3993 natas}
1047 3926 1093 4014 aa.
1103 3907 1258 3982 noscent.
1268 3936 1292 3984 >a

219 4015 315 4066 tantem
329 4014 367 4062 ειη
380 4013 506 4070 satanan
519 4015 558 4063 tet
570 4014 726 4074 nortmanni
741 4015 854 4084 astiterat
867 4015 906 4063 rin
919 4011 1050 4066 antitisti·
1063 4011 1165 4067 stacten
1179 4017 1210 4061 tn
1224 4009 1292 4060 t'rnn·
