2654 4612
526 295 618 367 15³0.
1041 295 1099 362 121

94 447 112 504 ³.
126 445 244 520 seire
758 454 820 513 nr.
836 413 1067 514 Mccnxxnr.

363 587 412 660 tlt
445 587 770 676 Salnlflttnt.

70 717 86 764 ἓ·
96 719 194 776 mitur
205 723 271 772 nm
284 728 444 778 emnam
456 741 503 780 sia
516 734 571 785 aa.
584 737 716 781 enum
728 734 757 788 s„
770 734 798 787 s
812 735 854 780 sen
868 733 937 788 eor.
950 742 977 785 in
987 739 1100 780 ennea·

213 799 290 851 tinne
302 802 413 854 lenem
424 811 471 852 ern
484 803 561 858 teiam
574 807 670 861 sterant
683 807 795 856 ttrtdtta
807 817 832 858 n
845 815 869 854 a.
882 815 914 854 ιι

101 1003 144 1052 ttal
155 1006 190 1054 ln
202 1007 415 1064 edntnttden
428 1015 577 1072 &emtam
590 1027 617 1070 sn
630 1015 758 1075 &instit
771 1017 813 1066 les
825 1013 938 1072 &dise
951 1013 981 1060 11.
995 1014 1041 1062 tin

65 1118 178 1227 Gratiam
201 1185 232 1230 et
256 1193 365 1250 paoem
387 1181 418 1235 in
442 1179 576 1238 Christo.
610 1181 700 1236 Venit
721 1180 774 1236 hic
794 1194 865 1234 meo
886 1175 976 1248 jussu
1001 1189 1100 1248 nepos

62 1271 125 1316 meus
135 1263 292 1334 Cyriacus
307 1271 420 1342 optime
429 1270 530 1341 Jona
553 1273 742 1344 quaesiturus
760 1272 790 1326 in
807 1271 866 1326 isto
884 1269 1003 1326 theatro
1015 1267 1099 1321 Hans

62 1361 104 1404 von
111 1351 191 1413 dene.
223 1358 324 1415 Dabis
340 1379 484 1434 operam,
501 1381 526 1420 sr
518 1365 619 1419 'forte
631 1363 729 1434 possit
740 1379 809 1416 eum
821 1359 966 1416 invenire.
1000 1355 1096 1412 Nolui

60 1446 232 1516 conmittere,
251 1459 286 1504 ut
298 1451 497 1508 adolescens
489 1472 519 1508 m
531 1467 592 1508 tam
604 1453 704 1510 vicino
716 1453 795 1542 loco.
799 1461 953 1516 versatus,
972 1447 1097 1503 domum

59 1531 155 1602 rediret,
170 1554 232 1594 non
247 1540 321 1595 visis
338 1540 402 1597 istis
421 1544 560 1615 pompis,
584 1555 617 1598 ut
630 1541 688 1612 sit,
713 1543 795 1614 quod
812 1557 932 1596 narrare
949 1537 979 1593 in
996 1547 1099 1610 poste.

58 1631 106 1676 mu
118 1627 206 1682 valeat
210 1631 484 1703 ‚quandoquidem
501 1633 645 1690 Germani
660 1631 853 1688 historiarum
869 1629 1097 1686 scribendarum

58 1721 110 1765 Μαί
129 1717 321 1791 negligentes.
357 1720 468 1778 Petrus
493 1723 613 1779 Weller
637 1724 767 1778 narravit
791 1721 934 1792 nobis,
925 1739 956 1775 tn
982 1729 1096 1792 quanto

57 1805 125 1868 tgatis
135 1810 207 1878 otim
237 1811 330 1867 Hem!
347 1829 411 1870 non
422 1813 808 1886 commentaturfinquam)
819 1813 984 1886 psahnum:
1000 1807 1096 1864 Beati

57 1901 160 1952 ermes?
190 1901 328 1969 Nescio,
353 1903 403 1964 ait.
436 1904 530 1974 Vide,
555 1905 597 1960 mi
619 1905 719 1978 dona,
744 1901 817 1976 quid
840 1903 940 1958 facias.
973 1901 1041 1970 Ego
1065 1909 1097 1956 ts

55 1993 159 2056 moneo,
180 1998 215 2044 ut
235 1991 332 2062 capite
350 2001 453 2062 utare,
476 1994 549 2048 dum
563 1994 636 2050 lieet
652 2004 683 2049 et
699 2004 819 2065 tempus
835 1991 950 2059 habes,
975 2009 1014 2046 ne
1035 1989 1098 2044 eal.

54 2074 105 2128 ento
123 2078 233 2134 vindice
257 2095 362 2152 postea
379 2101 440 2139 non
457 2083 572 2154 possis.
605 2083 673 2154 Ego
689 2101 811 2158 qnoque
828 2081 891 2139 otio
909 2093 940 2136 et
957 2091 1097 2154 tempore

54 2179 112 2220 tunc
125 2167 251 2228 abundo.
287 2173 345 2228 Sed
362 2173 398 2228 iis
415 2174 457 2228 uti
474 2191 535 2230 non
546 2169 691 2246 permittit
700 2174 809 2246 eapitis
821 2173 881 2228 mei
894 2171 1096 2238 imbecillitas,

54 2251 110 2308 lorte
131 2261 242 2318 ethos
269 2257 366 2334 aliq'ua
390 2264 492 2334 priore
517 2265 605 2336 culpa
625 2263 760 2320 meritus.
792 2261 948 2318 Hactenus
975 2262 1097 2317 tulerim

55 2345 111 2400 luam
126 2349 208 2406 istam
225 2354 438 2428 negligentiam
453 2365 483 2409 et
500 2353 662 2422 incuriam,
684 2355 897 2426 interpretatus
915 2351 1097 2422 diligentiam

54 2429 239 2497 useribendis
256 2443 350 2498 literis
367 2443 404 2497 ad
422 2461 477 2498 me
501 2445 628 2516 copiose
651 2445 741 2512 satis,
765 2445 803 2500 de
824 2459 886 2514 quo
903 2443 1009 2512 gratias
1028 2460 1094 2514 ago.

52 2520 138 2584 Verum
159 2531 347 2603 promissum
370 2551 493 2606 quoque
513 2535 762 2592 commentarium
783 2535 924 2606 postulo,
950 2543 985 2588 ut
1007 2543 1038 2588 et
1061 2543 1097 2590 tu

52 2628 96 2670 nor
109 2617 203 2678 redeas
221 2623 348 2678 domum
364 2640 406 2679 ex
420 2625 557 2700 Augusta
574 2641 708 2692 vacuus,
725 2623 836 2696 alioqui
854 2623 921 2696 ipse
938 2637 1096 2680 commen.

52 2704 127 2777 iiiior,
143 2713 194 2768 sed
212 2731 277 2768 non
294 2715 358 2770 sine
375 2713 420 2768 tui
431 2715 561 2769 nominis
572 2715 762 2770 detrimento.
796 2713 900 2770 Habeo
913 2715 941 2768 in
954 2711 1095 2769 manibus

51 2792 176 2856 Psalmum
193 2803 320 2865 cxl'u:
336 2803 498 2864 Laudate
515 2805 694 2861 Dominam
711 2821 821 2858 omnes
834 2813 962 2878 pentes,
982 2806 1095 2860 verbo..

51 2884 140 2946 ritatem
151 2901 249 2949 meam
268 2894 298 2948 in
316 2895 366 2950 illo
380 2905 559 2952 tentaturus.
592 2895 674 2952 Nam
685 2895 822 2948 vertendi
832 2894 1002 2967 Prophetas
1014 2911 1093 2968 opus

51 2990 147 3038 coaetus
166 3001 234 3040 sum
257 3001 380 3055 ponere.
414 2985 547 3060 Hoseam
569 2993 683 3041 tantum
705 2983 839 3054 absolvi,
865 2985 981 3042 furtivis
1006 2985 1093 3044 horis

51 3075 71 3117 et
82 3073 160 3142 raptis
171 3073 335 3130 intervallis
348 3074 473 3144 lucidis,
488 3073 683 3130 Ezechielem
697 3073 912 3146 interrumpere
923 3091 1091 3148 persuasus

51 3154 74 3207 ab
88 3158 140 3230 ipsa
155 3181 279 3238 quoque
297 3164 446 3219 molestia.
479 3163 576 3218 Saluta
599 3163 673 3219 mihi
698 3180 805 3220 omnes
827 3175 952 3222 nostros
975 3165 1005 3220 in
1023 3167 1092 3223 Do.

50 3247 118 3304 mino.
147 3253 258 3310 Buceri
277 3263 308 3308 et
324 3269 450 3308 suornm
467 3253 593 3310 technas
608 3252 683 3308 mihi
696 3255 816 3326 plaeere
828 3264 955 3310 stantes
968 3257 1092 3327 scripsi,

50 3346 73 3388 ut
90 3345 318 3412 contundantur,
342 3343 394 3416 qui
418 3343 510 3399 filium
526 3345 588 3400 Dei
606 3346 795 3402 confundunt
819 3356 849 3402 et
870 3345 1090 3420 blasphemant.

51 3419 84 3478 De
94 3429 234 3504 Campano
246 3435 339 3488 laetus
351 3433 466 3502 audivi,
484 3449 560 3503 quae
574 3434 692 3506 scripsit
704 3433 874 3507 Philippus.
903 3436 983 3511 Quid
997 3453 1090 3508 porro

51 3513 241 3578 decartsndio
261 3523 398 3592 habetis,
424 3523 498 3577 mihi
521 3539 644 3595 quoque
668 3526 900 3580 communicate.
933 3527 1090 3582 Dominus

50 3607 194 3684 vobiscum,
220 3619 331 3668 Amen.
364 3613 415 3668 Ex
432 3613 564 3680 Eremo,
590 3613 674 3668 ubi
661 3631 725 3684 Jam
748 3616 859 3670 dudum
882 3627 952 3670 sunt
967 3617 1087 3696 ponitis

51 3705 246 3759 monedulae-um
266 3703 362 3773 finita,
391 3705 479 3758 etiam
502 3704 579 3758 bella
596 3716 679 3774 gesta
696 3721 736 3760 ex
754 3721 858 3774 magna
874 3717 975 3778 parte,
1000 3715 1084 3762 tanto

51 3788 163 3849 celedon
187 3795 302 3850 vestris
332 3796 475 3863 comitiis,
504 3811 581 3866 quae
608 3813 667 3850 nec
695 3795 766 3851 dum
794 3795 867 3870 satis
896 3797 1083 3868 inceperunt.

52 3872 105 3938 Data
118 3887 142 3940 3.
158 3885 205 3942 die
223 3885 370 3956 Augusti,
394 3902 471 3940 anno
488 3883 658 3942 MDXXX.

671 3984 679 3990 '
721 3973 761 4032 Τ.
777 3973 871 4034 Mare
887 3974 1050 4038 Luthems
