2654 4612
528 277 622 353 lato.
916 371 923 388 Ι
1050 274 1113 346 tot

55 435 95 489 rei.
127 412 176 492 l'bi
194 439 292 509 potius
310 447 355 496 est
371 441 563 498 moriendum
580 449 685 498 contra
702 441 781 496 hanc
804 435 986 512 iniquitatem
1004 443 1033 492 et
1057 435 1129 515 iniq

51 524 185 594 pietatem.
194 526 219 596 ¹)
244 529 376 602 Loquor
386 531 424 585 de
434 531 586 604 Ecclesia,
598 531 809 601 distinctajam
820 529 967 585 acivitate
979 525 1113 600 politica.

105 631 243 707 Quinto,
269 635 447 709 Episcopus
473 649 503 692 nt
520 639 668 710 Princeps
695 646 796 710 potest
820 635 881 692 stris
908 633 1053 699 subditis,
1077 641 1113 688 ut

50 722 187 795 subditis,
214 727 372 798 imponere
390 731 535 800 quicquid
552 731 651 786 visum
669 731 775 797 luerit,
794 725 887 782 modo
905 726 986 796 pium
1003 733 1034 779 et
1049 724 1114 780 liei.

48 821 100 866 tum
114 817 171 884 sit,
191 827 222 872 et
240 819 350 874 subditi
367 829 508 875 tenentur
524 821 659 876 obedire.
695 819 848 874 Obediuut
866 817 946 872 enim
962 825 1035 870 tunc
1049 831 1112 871 nou

47 915 70 956 ut
79 903 219 963 Ecclesia
230 945 240 973 ,
252 909 279 972 ²)
296 911 350 964 sed
368 923 401 965 ut
419 912 513 966 cives.
546 911 605 968 Est
623 903 749 966 enimet
762 907 901 964 Ecclesia
916 923 1046 980 persona
1058 907 1113 962 du.

46 996 106 1064 plex
121 997 155 1053 in
174 999 286 1054 eodem
304 1003 440 1057 h'omine.
474 1002 525 1056 Sic
537 1001 694 1057 conradus
711 1001 890 1070 aThuugen
903 995 1113 1072 praecipiendo

46 1087 97 1141 suis
114 1087 259 1158 Francis,
276 1101 309 1145 ut
324 1093 403 1146 Dux
421 1091 578 1162 Franciae,
597 1093 746 1163 jejunium
764 1099 814 1146 aut
830 1089 906 1144 aliud
924 1085 954 1156 3)
980 1088 1112 1155 licitum,

46 1182 111 1248 cogit
127 1197 186 1238 eos
205 1183 258 1252 qui
275 1184 401 1238 Ducem
419 1196 585 1254 agnoscunt
602 1165 640 1240 ad
656 1183 874 1248 obedientiam,
900 1181 953 1237 sed
966 1198 1030 1238 non
1055 1193 1113 1235 eos

44 1269 85 1338 qui
104 1269 300 1344 Episcopum
316 1265 350 1341 4)
375 1286 560 1344 agnoscunt,
589 1275 706 1330 scilicet
729 1274 780 1346 qui
804 1283 875 1328 sunt
896 1270 955 1327 sub
982 1270 1112 1326 aliorum

43 1354 213 1432 Principum
226 1363 371 1431 dominio,
388 1365 504 1420 etiamsi
516 1365 574 1420 sint
584 1365 621 1420 de
633 1363 772 1420 Ecclesia
782 1362 1004 1434 llerbipoleusi.
1029 1360 1113 1416 Sicut

42 1447 228 1507 Pomerauus
245 1456 325 1522 cogit
342 1471 433 1509 suum
450 1471 577 1511 servum
596 1455 630 1511 ad
649 1453 877 1511 oeconomicam
892 1455 980 1509 auam
996 1452 1111 1522 legem,

42 1542 165 1598 sednon
182 1541 358 1600 Ecclesiam
374 1562 462 1600 suam
477 1546 772 1617 Witenbergensem.
803 1579 807 1584 ·

99 1649 196 1724 Quod
214 1661 249 1706 tu
266 1653 303 1706 de
320 1670 391 1723 rege
409 1653 522 1717 Ninive
543 1653 658 1723 arguis,
683 1653 767 1711 vides
785 1665 852 1708 ase
878 1622 1009 1706 edictum
1026 1663 1111 1705 mere

44 1739 194 1808 politicum
201 1782 215 1816 7
235 1759 297 1796 non
313 1753 446 1812 attento,
464 1761 504 1798 au
518 1745 557 1799 sit
571 1743 711 1800 Ecclesia
729 1742 778 1798 vel
795 1741 942 1812 gentilitas
959 1739 1016 1795 sub
1032 1741 1111 1812 ipso.

42 1829 84 1882 Sic
101 1832 125 1886 si
143 1833 261 1888 Caesar
279 1833 440 1905 praecipiat
459 1833 636 1903 generaliter
661 1833 802 1888 omnibus
815 1831 984 1902 jejunium,
1009 1829 1117 1898 obedis

43 1929 86 1972 ent
102 1922 191 1976 etiam
210 1921 229 1975 ii
247 1922 300 1992 qui
317 1934 386 1976 suut
396 1916 427 1989 ⁵)
443 1923 600 1994 Ecclesia,
619 1923 687 1994 quia
699 1922 839 1978 Ecclesia
852 1931 899 1976 est
913 1921 970 1975 sub
983 1920 1111 1976 Caesare

43 2012 205 2065 secundnm
224 2027 363 2082 carnem,
389 2012 522 2068 sednon
545 2013 648 2070 obedit
667 2023 700 2068 ut
718 2011 865 2068 Ecclesia.
901 2011 987 2066 Idem
1009 2021 1056 2065 est
1073 2011 1112 2068 de

44 2115 104 2168 rege
121 2101 289 2173 Josaphat.
323 2103 437 2158 Verum
454 2105 492 2158 de
509 2103 707 2159 Machabaeis
730 2104 845 2157 clarum
871 2111 931 2170 est,
957 2102 1039 2172 quod
1056 2117 1113 2156 sua

45 2187 188 2246 Eucaenia
208 2209 273 2246 non
290 2192 346 2262 ipsi
364 2194 421 2248 soli
434 2186 680 2270 institueruntff)
699 2193 752 2250 sed
765 2203 846 2248 totus
858 2191 989 2264 populus
1001 2181 1031 2257 ⁷)
1048 2207 1113 2245 uno

47 2295 204 2340 consensu.
242 2269 329 2336 Idem
346 2299 512 2346 consensus
533 2285 684 2356 potuisset
708 2283 812 2338 eadem
835 2283 960 2348 tollere,
984 2281 1057 2336 licet
1080 2291 1112 2336 et

45 2368 88 2424 hic
98 2361 239 2428 multum
250 2373 340 2427 fuerit
357 2374 470 2444 politici
482 2369 513 2442 8)
531 2374 648 2442 statuti,
666 2374 728 2428 imo
746 2382 845 2428 totum
861 2375 925 2428 fere
943 2371 1111 2445 politicum,

47 2460 266 2518 dominantibus
290 2456 405 2530 seilicet
423 2465 642 2534 Machabaeis,
664 2483 722 2524 uec
746 2473 845 2520 tumen
869 2463 934 2520 eine
957 2479 1112 2520 consensu

48 2555 137 2624 populi
155 2561 317 2610 statutum.
333 2545 364 2622 9)

102 2659 212 2736 Quare
236 2656 340 2732 'neque
369 2662 575 2721 ecclesiastico
605 2678 663 2718 nec
689 2664 817 2735 profano
847 2663 917 2734 jure
945 2677 1111 2735 possumus

48 2745 203 2824 Episcopis
219 2749 352 2826 tribuere
364 2763 558 2824 potestatem,
576 2769 668 2824 super
678 2753 849 2809 Ecclesiam
866 2753 1011 2808 statuendi
1026 2753 1113 2824 quid.

49 2855 147 2912 quam,
173 2843 369 2922 quantumvis
390 2843 505 2902 licitum
529 2853 560 2899 et
582 2845 681 2918 pium,
706 2845 774 2916 quia
797 2862 859 2898 non
882 2853 955 2900 suut
977 2844 1113 2900 facienda

50 2918 132 3002 mua,
154 2941 194 2988 ut
217 2929 460 2990 evenientibona.
495 2931 588 3010 Quod
607 2935 633 2990 si
657 2935 745 3000 etiam
762 2937 791 2992 vi
809 2951 917 3004 cogere
940 2945 972 2989 et
989 2934 1112 3008 exigere
1157 2989 1159 2994 ,

51 3023 148 3093 velint,
172 3041 238 3078 non
257 3022 399 3078 debemus
422 3025 544 3078 obedire
562 3033 612 3078 aut
632 3021 823 3090 consentire,
847 3025 902 3080 sed
918 3024 1017 3096 potius
1034 3023 1111 3078 mori

52 3128 97 3182 pro
114 3113 310 3170 distinctione
332 3115 476 3170 servanda
500 3115 624 3177 istarum
648 3115 952 3184 administrationum,
976 3113 1041 3171 hoc
1066 3123 1112 3171 est

53 3219 97 3271 pro
117 3206 276 3261 voluntate
302 3213 331 3258 et
354 3206 419 3274 lege
442 3205 524 3272 Dei,
554 3215 659 3261 contra
685 3206 869 3279 impietatem
893 3216 924 3262 et
946 3206 1111 3276 sacrilegia.

54 3294 147 3364 Adde,
173 3295 200 3350 si
224 3295 353 3350 dixerint
370 3295 466 3367 (quoti
491 3278 591 3351 tamen
608 3314 668 3351 uon
693 3299 816 3366 facient)
833 3297 969 3370 periculo
992 3313 1050 3352 suo
1076 3314 1111 3353 se
1201 3327 1206 3340 ·

54 3383 117 3438 velle
133 3400 202 3440 nos.
211 3400 336 3452 gravare
345 3423 364 3452 ,,
374 3393 404 3438 et
420 3395 561 3457 tanquam
577 3386 693 3456 tyranni
712 3403 727 3440 a
743 3385 833 3442 nobis
849 3385 975 3452 haberi,
1000 3395 1035 3440 et
1048 3387 1112 3442 exi.

57 3487 112 3538 gere
124 3463 163 3530 ne
177 3475 257 3528 malo
266 3475 445 3530 resistamus
459 3485 522 3530 etc.
555 3475 768 3542 Resistendum
787 3484 851 3542 est,
867 3493 925 3530 nec
939 3475 1000 3530 ullo
1018 3495 1111 3548 opere

57 3561 264 3634 obediendum,
289 3565 343 3619 sed
360 3565 543 3620 contrarium
561 3566 746 3634 faciendum,
771 3566 839 3637 quia
856 3565 908 3620 hic
925 3583 989 3622 non
1010 3568 1111 3622 solum

58 3651 142 3710 fertur
162 3655 295 3722 malum,
318 3655 374 3710 sed
397 3656 589 3714 confirmatur
615 3656 771 3728 iniquitas,
796 3667 826 3712 et
849 3651 982 3728 negatur
1001 3657 1110 3728 pietas,

97 3843 115 3890 1)
128 3835 211 3885 coel.
225 3839 269 3884 llic
281 3863 312 3872 --
324 3849 385 3883 mor.
399 3850 467 3896 quam
481 3838 543 3890 lianc
557 3838 613 3896 imp.
628 3841 653 3886 et
667 3839 740 3896 iniqu.
756 3837 920 3888 committere.
967 3841 992 3912 2)
1007 3841 1033 3888 G.
1046 3867 1073 3879 -
1086 3845 1111 3890 et
1165 3863 1168 3872 =

62 3909 108 3956 ecel.
149 3914 173 3961 3)
187 3911 286 3958 Auris,
300 3911 397 3968 aliquid.
439 3911 463 3962 tt
474 3917 506 3960 A.
521 3907 590 3965 tuitii
603 3913 744 3970 episcopum
757 3910 926 3962 truncarent
967 3916 991 3966 5)
1007 3915 1109 3969 C.†in.

60 3983 79 4032 ⁶)
90 3985 113 4030 d
123 3985 294 4034 restituerunt.
311 4055 314 4060 Ι
332 3985 355 4038 7)
370 3983 396 4032 C.
409 3983 487 4031 totius
496 3983 601 4044 populi„
622 3989 646 4039 8)
660 3988 688 4032 Α.
699 3986 714 4038 †
724 3985 816 4041 eremis
826 3986 876 4034 vel.
910 3989 933 4041 9)
949 3986 974 4040 0·
988 3992 1019 4042 Α.
1033 3991 1050 4044 †
1064 3991 1109 4039 est.
