2654 4612
550 293 640 360 asso
1057 254 1129 356 aas

44 490 47 499 .
82 401 175 504 Valde
193 451 323 522 affligant
349 453 433 524 quod
455 452 518 510 hoc
540 469 673 527 corpore
698 449 861 534 vobiscum
886 451 992 508 adesse
1018 449 1048 504 in
1075 447 1132 504 ista
1206 475 1214 494 ο

80 541 264 612 pulcherrima
281 542 308 608 ¹)
327 543 520 600 confessione
539 543 652 625 Christi
670 561 733 599 non
748 559 885 616 possum.
910 543 938 609 ²)
972 541 1133 613 Staupitius

79 641 170 686 noster
185 631 320 690 dicebat:
349 631 421 692 {litu
445 631 517 692 (dvii
537 633 651 694 tttntrn
675 631 749 695 wille
775 633 833 692 ten
856 633 917 694 ibai
939 643 968 690 tt
992 642 1072 701 tutat
1091 631 1135 688 Mt

3 725 5 734 ’
78 721 159 792 lupen
182 735 233 792 pur
257 736 290 794 tu
313 721 400 791 [diets
420 725 489 782 tuiti
513 737 579 793 pern
604 723 724 800 intuta.
758 724 826 796 Ego
850 739 921 780 sane
938 723 1011 778 nihii
1028 738 1135 778 moror

78 813 164 868 istum.
179 818 391 884 praetextum,
418 816 500 888 quod
522 813 735 872 Eucharistiae
756 831 812 872 seu
834 802 1020 885 gratitudinis
1044 805 1136 868 causa

77 903 151 959 liceat
173 903 287 960 institui
315 906 452 961 missam.
486 905 586 976 Fregit
612 905 760 962 Ezechias
789 916 961 976 serpentem
991 919 1135 973 aeneum,

3 997 5 1032 ²
75 993 139 1048 nihil
154 1005 311 1064 moratus,
330 996 412 1067 quod
430 995 460 1049 in
478 995 655 1050 memoriam
673 1003 703 1050 et
718 995 836 1050 laudem
854 991 1097 1066 operisDomini
1108 989 1137 1057 ³)

3 1113 4 1156 1
75 1095 202 1140 servatus
218 1077 250 1154 1)
267 1087 384 1142 fuisset.
400 1077 431 1154 ⁵)
466 1085 567 1156 Magis
592 1085 740 1157 spectavit
763 1086 832 1158 pius
858 1099 914 1140 rex
930 1095 1048 1138 certum
1065 1083 1137 1136 abu.

3 1173 4 1184 ¹
74 1190 131 1230 sum
144 1187 173 1231 et
186 1179 384 1232 occasionem
396 1176 522 1244 malma,
541 1193 632 1247 quam
649 1173 773 1234 dubium
791 1183 821 1230 et
838 1173 985 1230 incertum
1002 1175 1138 1228 fructum

73 1266 169 1322 undis.
205 1265 249 1321 Et
271 1266 368 1322 nostri
392 1283 463 1322 cum
483 1265 630 1324 hactenus
655 1267 797 1338 pessimis
822 1263 971 1338 exemplis
990 1264 1092 1320 missis
1109 1257 1139 1332 ⁶)

2 1398 3 1408 ,
72 1358 127 1412 suis
144 1356 206 1412 sint
222 1356 328 1424 abusi,
346 1373 445 1429 neque
463 1355 562 1412 adhuc
576 1357 750 1427 poeniteant
764 1355 894 1424 ,transtra
905 1355 1073 1427 postulant,
1092 1354 1137 1410 eis

71 1445 195 1516 permitti
212 1445 394 1502 retinendas.
430 1446 510 1521 Quia
532 1448 619 1502 fucus
646 1439 751 1504 eorum
776 1455 822 1502 est
837 1446 1013 1502 manifestus
1031 1462 1067 1502 ac
1084 1445 1140 1504 im-

71 1537 240 1605 poenitens,
258 1537 384 1608 proinde
401 1544 431 1592 et
448 1537 569 1594 evidens
585 1537 800 1601 mendacium,
817 1536 972 1609 quamvis,
1000 1543 1034 1592 ut
1052 1536 1138 1608 prius

72 1627 190 1698 scripsi,
220 1627 296 1682 nihil
322 1627 397 1682 recti
426 1635 591 1698 quaerunt,
620 1626 673 1680 sed
700 1625 927 1682 abominationis
953 1626 1139 1698 tyrannidem

72 1717 205 1772 affectant
222 1717 379 1784 integram.
408 1717 578 1772 Restituunt
602 1717 702 1789 primo
729 1715 797 1772 fidei
823 1715 992 1773 doctrinam
1014 1725 1045 1774 et
1066 1734 1139 1788 ope.

69 1823 148 1874 rum,
174 1817 247 1879 post
265 1807 302 1862 de
320 1807 500 1864 ceremoniis
517 1807 691 1862 viderimus.
708 1798 741 1864 7)
773 1805 913 1862 Reddant
929 1807 1060 1880 primurn
1077 1806 1139 1862 Ec.

71 1897 190 1952 clesiam
207 1904 238 1952 et
253 1895 409 1952 ministros
427 1914 498 1952 cum
514 1897 653 1966 legitimis
670 1897 732 1952 suis
759 1893 885 1964 officiis,
909 1905 938 1951 ct
962 1897 1139 1952 traditiones

70 2003 119 2042 sua
135 1997 247 2060 sponte
265 2003 300 2041 se
318 1987 444 2054 dabunt,
470 1983 590 2058 poterit'
606 1984 746 2061 εὐχαριςία
770 1985 854 2042 aliter
878 1997 909 2042 et
925 1987 1040 2061 absque
1058 1989 1138 2061 peri.

69 2079 135 2134 cralo
153 2089 186 2134 et
202 2057 346 2132 scandalo
362 2077 468 2132 haberi
485 2079 513 2132 in
532 2077 672 2132 ecclesia.
696 2070 724 2141 ⁸)
747 2093 751 2102 ·

128 2191 227 2266 Quod
237 2191 397 2246 adversarii
407 2193 550 2262 colligunt
563 2193 816 2252 contradictiones
825 2185 855 2261 9)
869 2209 909 2250 ex
917 2194 993 2251 meis
1002 2195 1097 2263 libris,
1107 2191 1139 2262 1)

70 2285 153 2339 etiam
172 2285 286 2340 faciunt
303 2301 357 2353 pro
371 2284 465 2354 gioria
481 2285 642 2353 sapientiae
655 2302 728 2340 suae
741 2287 934 2341 ostendenda.
970 2285 1137 2360 Quomodo

70 2357 117 2430 isti¹
135 2375 212 2430 asini
240 2375 495 2430 contradictiones
520 2385 641 2432 nostrae
665 2377 819 2432 doctrinae
842 2375 998 2446 judicent,
1015 2379 1055 2446 ¹⁰)
1085 2380 1138 2451 qui

68 2476 204 2520 neutram
221 2473 336 2536 partem
354 2465 657 2520 contradictoriorum
675 2467 861 2535 intelligunt?
896 2466 978 2540 Quid
991 2468 1070 2524 enirn
1083 2487 1139 2523 no.

70 2567 127 2611 stra
143 2556 283 2611 doctrina
300 2556 376 2610 aliud
393 2572 462 2612 esse
479 2566 580 2628 potest
597 2557 628 2611 in
646 2558 743 2614 oculis
754 2557 933 2627 impiorum,
952 2576 1042 2630 quam
1055 2576 1138 2614 mera

69 2645 316 2710 contradictoria,
340 2662 410 2699 cum
432 2645 520 2700 simul
537 2649 574 2711 11)
597 2646 696 2716 exigat
718 2656 747 2700 et
772 2648 890 2702 damnet
913 2665 1004 2720 opera
1012 2689 1022 2717 ,
1048 2651 1137 2705 simul

70 2739 154 2792 tollat
181 2745 212 2791 et
244 2736 381 2790 restituat
396 2736 437 2798 12)
463 2736 555 2804 ritus,
585 2735 675 2792 simul
700 2737 904 2806 magistratum
931 2739 1009 2794 colat
1036 2747 1065 2795 et
1091 2757 1138 2795 ar.
1209 2743 1212 2748 '

70 2840 151 2898 goat,
173 2825 261 2884 simul
277 2823 313 2894 13)
332 2836 490 2898 peceatum
507 2835 622 2882 asserat
639 2835 670 2881 et
685 2829 798 2897 neget?
832 2827 889 2886 Sed
907 2830 977 2901 quid
995 2847 1086 2904 aquas
1105 2831 1136 2886 in

70 2921 173 2974 mare?
199 2909 244 2985 1⁴)

116 3169 408 3224 attondeantur.
422 3167 518 3214 Aurit.
533 3169 549 3221 †
563 3170 589 3214 et
601 3167 761 3214 sanctissima.
810 3169 871 3220 ms.
883 3175 904 3216 a
914 3171 946 3220 it.
959 3171 988 3216 Α.
1002 3183 1052 3218 non
1065 3171 1133 3219 {iret

70 3245 92 3297 3)
108 3245 148 3290 1³1.
165 3245 192 3290 B.
207 3244 276 3292 111.
292 3242 377 3289 divini.
426 3244 449 3295 1)
467 3241 506 3288 Fl.
523 3245 554 3288 A.
572 3242 699 3290 tornatus.
750 3243 774 3294 5)
791 3245 820 3288 Α.
840 3246 914 3290 esset.
964 3245 1043 3298 6)11.
1062 3251 1136 3292 Α,-

73 3319 159 3365 missis.
189 3319 255 3372 Μ.
269 3317 412 3364 videbimus.
443 3317 712 3369 s)A.-p0terttetc.
745 3319 767 3370 9)
781 3317 806 3362 B.
821 3318 1020 3364 contradictoria.
1058 3324 1089 3370 10)
1103 3324 1133 3366 Α.
1214 3319 1216 3324 ’

74 3393 178 3438 contrad.
194 3404 226 3438 ex
238 3390 380 3450 maialibris
394 3389 467 3454 etiarn
479 3389 572 3436 iaciunt
581 3401 626 3446 pro
636 3389 716 3446 gioria
725 3389 861 3446 sapientiae
870 3393 1050 3448 ostendendae.
1066 3396 1133 3448 utitur

73 3467 256 3519 mensurarit.
311 3467 345 3515 11)
365 3465 391 3510 C.
403 3455 558 3510 B.-”sirnul.
617 3465 650 3510 12)
671 3464 736 3508 C.B.
755 3467 853 3510 statuat.
912 3469 945 3517 13)
964 3468 990 3513 Β.
1009 3467 1131 3514 similiter.

74 3543 104 3590 tei)
120 3542 146 3586 c.
158 3541 209 3594 B.†
224 3532 314 3596 porto)
325 3539 373 3588 mit
382 3547 451 3591 nanta
460 3539 538 3587 <etant
553 3535 623 3596 Quod
631 3537 766 3582 adversarii
774 3537 894 3594 coliigunt
902 3542 950 3587 etc.
964 3541 1037 3594 notan
1051 3543 1131 3589 coel.

75 3615 101 3661 u
111 3617 156 3664 133.
174 3615 261 3666 nuda.
275 3626 299 3670 p.
309 3616 353 3660 tto.
368 3613 405 3659 alt
418 3612 485 3658 tirttn
497 3612 690 3666 riarum-utitis
709 3611 806 3658 aurit.
820 3612 914 3665 idatut
926 3612 955 3664 stt
969 3615 1018 3666 aits
1031 3615 1077 3662 ttn.

120 3855 146 3901 ⁸)
168 3854 205 3904 ‘nn
218 3853 282 3898 rtnrt
295 3851 389 3905 riarntn
401 3850 506 3903 uterinae
519 3858 545 3901 aa
562 3851 601 3896 aar
614 3850 781 3904 wtttrttauna
794 3849 832 3896 itt
846 3847 977 3902 tartesson
990 3849 1060 3901 talita
1073 3851 1132 3904 isat.

78 3927 148 3978 {tam
160 3929 194 3974 stt
208 3927 304 3976 ereum
318 3925 363 3972 aas
376 3925 422 3974 tes
436 3922 557 3977 orontius
570 3924 715 3976 susannem
732 3924 760 3970 tn
772 3921 870 3973 nttdtn
882 3932 908 3970 rr
920 3921 960 3976 t'trt
974 3923 1040 3976 tritu
1052 3925 1133 3974 nistra
1211 3929 1219 3936 ·

79 3999 176 4054 taran
188 4000 271 4052 trun.
