2640 4606
506 295 600 366 test.

45 463 95 522 cst,
110 465 225 512 veteres
240 472 303 514 non
318 471 410 513 ausos
425 457 647 531 essesphitnm
661 467 798 514 unctum
809 457 959 530 appellare
969 456 1087 523 Deum,

44 545 88 598 nisi
108 559 225 600 veteres
248 565 305 618 pm
330 563 384 602 sua
405 547 532 621 pulchra
556 549 649 618 ligure
672 549 813 618 intelligat
829 547 1041 602 Democritum
1058 555 1089 600 et

43 621 210 706 Epicurum,
226 651 277 692 aur
293 633 553 710 Deum'intelligat
567 641 776 708 materialiter,
792 640 823 694 id
839 651 900 706 est,
927 639 998 693 istas
1014 654 1089 710 qua.

44 739 101 780 tuor
114 728 214 782 literne
229 727 345 783 Deum.
380 730 428 784 Ad
447 731 518 802 qnid
537 743 638 786 autern
651 733 706 785 ista
721 729 839 786 odibilis
855 729 1012 802 parergia,
1029 727 1089 784 nisi

44 826 68 868 ut
76 817 193 872 rudibus
204 833 244 872 ex
253 833 360 872 musca
368 819 561 890 elephantem
572 821 670 887 faciat,
681 831 713 874 et
723 819 881 890 significet,
893 819 1088 874 christianam

20 950 24 956 Α
43 905 202 976 religionem
218 908 307 962 nimis
322 909 407 963 nihili
424 927 510 982 esse,
532 911 614 965 nuth
635 925 741 974 nense,
765 911 824 964 nisi
841 911 910 981 qnia
926 910 999 964 istae
1015 925 1089 980 que.

43 1006 101 1052 tuor
114 998 214 1054 literne
230 999 321 1056 Deus
341 1018 404 1058 non
422 1011 576 1072 ponuntur
592 1003 676 1056 omni
692 1001 781 1068 loco,
805 1018 868 1073 quo
882 1003 949 1074 ipse
966 1001 1090 1069 exigere

43 1099 145 1157 posset.
179 1088 227 1168 §ie
243 1088 348 1146 Pura
373 1092 420 1146 sui
444 1091 547 1146 Ariani
571 1092 657 1147 uelde
676 1091 892 1159 causabamur,
917 1091 1009 1162 quod
1018 1090 1092 1146 istae

43 1176 143 1236 litterae
153 1177 364 1250 Hnmousios,
379 1193 410 1236 et
424 1181 643 1250 innascibilis,
660 1200 721 1238 non
734 1183 942 1238 inveniremur
954 1183 983 1236 in
995 1179 1092 1236 sacris

7 1259 10 1276 '
43 1267 142 1340 literis,
159 1271 231 1325 nihil
247 1273 372 1341 morati,
390 1273 472 1342 quod
489 1288 538 1330 res
556 1273 621 1344 ipsa
637 1273 735 1327 solide
751 1269 1094 1336 dernonstreretursubi

44 1373 107 1415 vero
123 1377 234 1415 nomen
245 1361 305 1416 Dei
322 1362 506 1434 ponebatur,
523 1365 614 1436 parati
631 1371 716 1418 erunt
731 1365 850 1434 glossa,
867 1379 927 1436 que
938 1364 1095 1420 eluderent

43 1450 205 1520 veritatem,
223 1462 253 1508 et
267 1463 518 1526 nuncupativum,
535 1440 600 1508 non
615 1470 722 1508 verum
738 1455 841 1510 Deum
852 1472 928 1530 esse
944 1454 1097 1510 coneede-

44 1553 109 1598 rent.
142 1543 186 1598 Ita
201 1543 275 1599 nihil
291 1560 362 1600 cum
378 1545 444 1599 istis
460 1543 573 1616 viperis
589 1544 720 1614 efficies,
746 1548 810 1604 sive
832 1563 889 1618 per
907 1546 1100 1617 Scripturas,

43 1631 98 1688 sive
115 1643 200 1704 extra
217 1633 385 1708 Scripturas
401 1636 545 1707 loquaris.

97 1765 180 1820 Haec
196 1777 244 1820 eet
260 1766 382 1821 &tanae
396 1765 520 1830 malitie,
540 1767 592 1838 qni
609 1783 681 1822 cum
697 1784 762 1820 rem
779 1785 840 1822 non
857 1767 953 1840 possit
969 1784 1097 1837 negare,

43 1857 173 1911 vertisse
189 1857 226 1910 nd
242 1856 388 1914 vmahnta
406 1858 569 1928 exigenda,
593 1874 669 1929 qnae
693 1857 759 1929 ipse
777 1859 1013 1931 praescripserit.
1047 1858 1097 1914 Sic

44 1959 141 2014 posset
150 1945 298 2002 Diabolus
310 1947 346 2000 ad
360 1946 516 2002 Christum
532 1949 631 2018 ipsum
647 1947 765 2004 dicere:
782 1946 909 2004 Etiamsi
921 1947 1098 2016 vendicas,

7 2093 8 2096 Ἴ
44 2043 135 2092 tamen
151 2037 219 2110 quia
236 2055 297 2092 non
315 2039 390 2094 dieis
405 2038 514 2093 talibus
532 2038 652 2108 verbis,
670 2038 807 2110 qualibus
825 2053 883 2108 ego
900 2039 1007 2107 velim,
1023 2039 1100 2093 nihil

45 2127 130 2195 dicis,
146 2128 239 2184 velim
254 2139 354 2184 amem
369 2129 458 2182 nullis
468 2127 570 2184 verbis
582 2128 657 2197 dict,
675 2130 753 2184 sicut
768 2129 936 2184 Marcellus
954 2129 1099 2202 suspendi

44 2220 132 2274 voluit
147 2218 184 2276 eh
200 2219 309 2273 arbore
326 2237 342 2273 a
360 2236 393 2275 se
410 2221 522 2288 electa,
539 2220 652 2274 nullam
667 2231 769 2274 tamen
780 2221 876 2276 voluit
887 2221 1007 2289 eligere.
1041 2219 1101 2276 Sed

44 2307 75 2362 de
90 2310 152 2364 hoc
168 2309 258 2377 alias,
273 2311 299 2364 si
310 2309 466 2365 Dominus
481 2311 576 2378 otium
589 2323 619 2366 et
631 2311 760 2381 spatium
772 2311 850 2366 vitae
862 2309 983 2366 dederit.
1018 2309 1101 2366 Nam

44 2399 139 2470 cogito
157 2409 227 2470 post
242 2415 292 2454 me
309 2400 478 2471 relinquere
495 2401 700 2458 testimonium
711 2417 812 2454 meum
824 2399 861 2454 de
872 2401 1001 2456 Eresmo
1013 2401 1101 2458 fidele

45 2501 220 2558 etcertum,
246 2501 276 2545 et
290 2489 434 2561 praebere
451 2489 621 2544 Lutherurn
643 2491 709 2545 istis
729 2491 840 2562 viperis
855 2490 1055 2548 mordendum
1070 2501 1103 2550 et

45 2581 245 2652 pungendum,
264 2579 319 2634 sed
335 2595 397 2634 non
414 2581 606 2634 lacerandum
621 2593 673 2636 aut
688 2581 894 2638 devorandum
909 2573 1020 2640 toturn.

107 2718 203 2776 Nunc
220 2719 303 2790 quod
318 2718 354 2772 de
371 2728 476 2774 nostra
493 2717 628 2775 libertate
651 2718 730 2786 diri,
755 2729 877 2791 repeto,
902 2720 1020 2776 scilicet
1041 2739 1103 2779 non

46 2825 107 2866 esse
126 2809 278 2868 terendam
294 2807 414 2864 Erasini
431 2809 617 2880 tyrannidem
633 2809 662 2862 in
689 2810 752 2864 suis
777 2810 1024 2882 amphibologiis,
1049 2814 1105 2872 sed

47 2901 216 2974 simpliciter
228 2917 296 2955 esse
304 2899 499 2970 judicandum
511 2915 552 2954 ex
563 2917 617 2955 ore
629 2900 735 2972 ipsius.
770 2887 798 2954 'si
810 2897 942 2974 loquitur
954 2905 1105 2980 Arianice,

44 2993 192 3062 judicetur
203 2991 346 3046 Arienus:
364 2991 390 3045 si
400 2991 535 3062 loquitur
548 2991 729 3061 Lucianice,
741 2991 898 3061 judicetur
910 2985 1105 3052 Lucianicus:

7 3117 8 3120 η
46 3083 67 3136 si
87 3083 223 3155 loquitur
240 3079 405 3154 gentiliter,
425 3081 578 3152 judicetur
596 3079 735 3150 gentilis,
759 3082 817 3137 nisi
834 3083 991 3155 resipiscat
1008 3095 1040 3140 et
1056 3085 1107 3140 de.

47 3175 117 3228 sinat
139 3171 299 3228 defendere
322 3175 395 3238 tetes
419 3185 525 3227 voces.
561 3169 667 3238 Velut,
691 3171 742 3226 ubi
768 3171 797 3225 iu
821 3169 948 3244 quedam
971 3171 1108 3246 Epistole

48 3264 80 3317 de
96 3262 301 3337 incarnatione
316 3261 368 3316 lilii
381 3259 441 3316 Dei
453 3259 631 3334 turpissimo
644 3261 740 3315 verbo
754 3261 899 3332 loquitur,
917 3279 1031 3320 vocans
1043 3267 1109 3320 col.

50 3365 107 3408 tum
123 3353 186 3408 Dei
202 3366 273 3406 cum
288 3351 414 3422 virgine.
446 3349 504 3404 llio
527 3358 575 3404 est
592 3347 772 3416 judicandus
796 3349 949 3422 horribilis
969 3353 1109 3426 blesphe-

46 3455 141 3508 ,mator
156 3441 219 3497 Dei
236 3453 267 3496 et
282 3437 424 3510 Virginis·
454 3437 526 3496 Nec
542 3453 612 3492 eum
629 3437 792 3510 quicquam
803 3440 937 3509 juverit,
954 3441 979 3496 si
991 3451 1108 3499 cottum

47 3545 149 3607 postea
166 3541 304 3602 exponat
327 3530 365 3586 etl
389 3531 519 3584 sormam
536 3525 697 3582 ‘doctrinae
723 3528 911 3586 christianae.
953 3532 1015 3586 Cur
1040 3547 1109 3590 ante

47 3631 106 3680 non
131 3633 180 3678 est
202 3623 324 3677 locutus
353 3620 390 3674 ad
415 3621 545 3674 lormu'm
569 3618 723 3672 doctrinae
753 3616 951 3676 christianae?
991 3621 1111 3681 Sciebat

49 3715 139 3782 enim,
157 3713 218 3766 hoc
234 3709 330 3768 verbo
341 3716 443 3770 cottus
454 3709 637 3762 christianos
653 3723 715 3762 uon
731 3723 821 3776 posse
837 3725 898 3772 pon
917 3709 1113 3770 vehementer
1132 3707 1135 3714 ’

48 3804 172 3870 offendi,
198 3802 261 3856 imo
284 3800 341 3856 nisi
362 3799 475 3854 offendi
496 3797 662 3864 voluisset,
689 3813 751 3851 uon
776 3797 822 3852 sic
847 3795 967 3854 locutus
993 3801 1112 3866 luisset.

48 3878 147 3950 Decet
161 3903 260 3946 autem
275 3905 334 3946 nos
354 3907 393 3944 eo
416 3887 544 3955 offendi,
568 3898 600 3942 et
622 3886 731 3958 impius
754 3899 821 3944 esto
829 3893 848 3954 ,ζ
864 3891 915 3960 qui
939 3907 1001 3947 nnn
1023 3892 1114 3954 luerit

46 3985 183 4042 offensus
197 3983 256 4039 istu
267 3980 450 4057 turpitudine
464 3977 549 4037 verbi
564 3977 712 4036 obscoeni
724 3977 754 4033 in
765 3995 798 4034 re
809 3990 870 4036 tem
882 3995 974 4039 sucre.
1001 3981 1114 4042 Elium.
