2640 4608
210 231 272 306 iol
695 235 788 358 1531.

217 385 220 392 ’
262 353 346 454 ‘Nec
361 407 492 470 possunt
509 399 687 464 adversarii.
704 401 761 456 etsi
778 400 886 468 velint,
906 397 1032 471 probare
1048 399 1221 456 Leviticttm
1238 397 1278 453 de

179 559 182 562 Ι
210 488 302 542 fratre
320 500 442 544 mortuo
458 490 561 562 loqui,
586 509 686 563 neque
708 492 795 545 aliam
813 475 1185 562 eoncordiam'utriusque
1201 490 1279 559 legis

179 579 367 650 3proferre,
385 581 561 649 praesertim
579 597 655 652 quae
674 582 746 636 satis
766 582 803 636 ad
820 582 981 636 sedandam
997 578 1212 636 conscientiam
1229 580 1279 635 sit.

211 667 258 722 Ad
276 667 435 722 turbandae
446 685 522 724 vero
540 671 740 724 conscientias
752 671 820 741 quis
838 682 899 724 tam
915 671 1054 726 indoctus
1071 679 1135 738 est,
1152 670 1205 744 qui
1216 685 1281 726 non

210 757 311 830 possit
327 757 438 830 aliquid
454 758 565 829 lingere
582 761 633 814 vel
647 761 819 816 somniare?

251 917 255 928 ·
278 888 355 944 lllud
367 906 491 961 quoque
502 889 662 958 frivolum,
680 871 763 961 quod
780 899 1038 960 argumentantur,
1055 905 1096 945 ex
1111 889 1178 960 lege
1191 887 1281 944 Deu.

208 979 370 1036 teronomii
393 981 501 1052 sequi,
526 980 609 1052 quod
633 979 739 1052 aliquis
766 986 872 1053 posset
896 980 946 1035 vel
969 987 1126 1060 ¹cogru‘elur
1150 980 1182 1036 iu
1205 995 1281 1034 casu

210 1068 301 1124 filiam
320 1085 405 1126 suam
422 1071 552 1141 ducere,
569 1081 604 1126 ut
620 1070 646 1126 si
658 1070 805 1128 Othoniel
817 1083 953 1126 mortuus
968 1069 1138 1143 reliquisset
1148 1085 1283 1126 uxorem

155 1167 166 1188 ‘
209 1160 348 1216 Achsam
375 1159 465 1216 liliam
492 1159 584 1216 caleb
606 1161 706 1216 fratris
735 1161 952 1230 santonos
975 1162 1084 1217 fuisset
1106 1161 1218 1227 Caleb,
1247 1169 1283 1216 ut

206 1236 304 1306 frater
314 1249 505 1319 othonielis,
523 1249 635 1306 ducere
653 1251 748 1324 ipsam
760 1251 850 1306 {iliam
861 1251 1023 1324 propriam.
1058 1250 1135 1326 Quis
1147 1251 1201 1306 hic
1217 1268 1282 1306 non

210 1341 293 1397 videt
309 1340 438 1397 studium
456 1341 660 1414 patrocinandi
677 1341 770 1396 malae
788 1359 922 1412 causae„
941 1343 1024 1414 quasi
1041 1359 1115 1398 vero
1131 1342 1280 1411 nesciant,

109 1475 115 1500 ,
210 1428 294 1505 quod
303 1432 356 1488 lex
368 1431 507 1504 superior
516 1431 601 1487 tollat
617 1431 810 1502 inferiorem,
827 1442 862 1488 ut
872 1433 924 1488 lex
937 1431 1174 1488 cire‘uulcisionts
1188 1433 1282 1488 violat

205 1519 308 1592 legem
326 1519 480 1590 sabbathi,
497 1519 646 1578 Johanuis
667 1521 738 1584 vlt.
755 1521 807 1577 ubi
825 1521 962 1580 Christus
981 1524 1045 1596 ipse
1062 1524 1209 1595 disputat,
1224 1524 1282 1577 ho.

209 1612 323 1668 minem
334 1611 509 1668 circumcidi
526 1611 556 1666 in
571 1611 738 1680 sabbatho,
754 1612 837 1684 quod
853 1615 901 1670 e'et
917 1613 981 1668 tolli
998 1629 1054 1668 seu
1070 1613 1194 1684 impune
1209 1631 1283 1686 pec.

213 1719 282 1758 care
301 1703 331 1757 ia
346 1702 445 1772 legem
459 1699 615 1778 sabbathi,
630 1719 669 1756 ne
686 1704 717 1758 in
733 1701 831 1770 legem
844 1702 1100 1772 circumcisionis,
1118 1712 1196 1773 quae·
1213 1713 1282 1758 ante

210 1793 311 1863 legem
322 1791 459 1848 sabbathi
475 1805 516 1848 ex
526 1791 744 1864 patribusfuit,
761 1802 916 1865 peccetur.
951 1793 1031 1866 Quid
1044 1795 1156 1850 multa?
1173 1785 1281 1848 notum

208 1892 279 1950 est,
296 1882 379 1954 quod
395 1881 519 1958 inferior
536 1881 587 1936 lex
603 1895 634 1936 et
650 1881 803 1950 legislator
813 1897 875 1936 nou
892 1883 989 1954 possit
1006 1884 1146 1938 claudere
1156 1899 1282 1938 manum

211 1972 378 2045 superioris
392 1971 466 2044 legis
482 1979 514 2026 et
528 1970 728 2041 legislatoris,
746 1971 800 2024 sed
816 1987 1011 2044 unaquaeque
1023 1972 1074 2028 lex
1089 1984 1120 2046 et
1132 1973 1281 2046 cujusque
1309 2023 1310 2034 ,

98 2049 103 2060 '
211 2059 389 2132 legislatoris
407 2059 547 2116 consistit
569 2057 599 2115 in
616 2051 746 2116 termino
763 2063 919 2132 potestatis
938 2061 992 2117 sibi
1013 2063 1117 2118 aDeo
1135 2064 1281 2132 donatae,
1309 2081 1310 2088 ¹

210 2143 244 2210 tit
259 2164 344 2226 pater
361 2153 483 2210 familias
496 2152 598 2208 statuit
614 2149 696 2221 leges
713 2151 838 2208 familiae
857 2164 885 2207 et
898 2153 1006 2209 domus
1024 2163 1114 2223 suae,
1133 2165 1282 2228 quatenus
1309 2183 1310 2243 g

211 2261 265 2302 sua
283 2256 416 2318 potestas
434 2251 523 2316 patet.
558 2240 753 2312 Magistratus
772 2259 846 2298 vero
869 2259 924 2298 seu
942 2243 1056 2324 civitas·
1071 2246 1149 2301 illius
1167 2247 1283 2324 legibus

210 2329 274 2392 non
290 2337 317 2404 ¹)
340 2345 439 2408 paret:
465 2334 519 2390 sed
536 2333 658 2402 subjicit
685 2347 761 2390 eum,
772 2333 901 2402 politicis
923 2335 1056 2405 legibus,
1083 2339 1120 2392 ita
1145 2348 1180 2394 ut
1203 2355 1283 2414 opus

209 2427 317 2496 fuerit,
342 2425 411 2495 cogi
428 2441 498 2479 eum
524 2421 725 2492 eum-legibus
743 2424 859 2494 seriari,
886 2435 916 2479 et
932 2424 1061 2498 politicis
1085 2429 1200 2500 legibus
1218 2446 1283 2484 ser.

210 2519 285 2574 vire.
320 2516 368 2571 Sic
385 2531 441 2570 rex
464 2514 525 2570 suis
549 2512 666 2582 legibus
683 2513 853 2568 dominatur
874 2525 967 2585 regno
991 2533 1043 2572 seu
1062 2519 1190 2588 civitati,
1214 2537 1284 2593 per.

210 2607 332 2662 mittens
350 2604 487 2678 quidem,
504 2612 537 2658 ut
553 2603 593 2657 illi
611 2601 742 2672 propriis
755 2603 873 2672 legibus
892 2619 1069 2676 regnentur,
1094 2609 1148 2664 sed
1165 2609 1229 2679 sic,
1250 2620 1285 2665 ut

211 2697 289 2768 regis
306 2696 420 2766 legibus
436 2693 527 2750 salvis
551 2704 675 2766 pareant
692 2693 775 2762 regi,
802 2705 832 2750 et
849 2712 910 2752 non
938 2683 1085 2768 imperent
1102 2701 1193 2772 regiis
1212 2701 1286 2772 legi.

211 2787 285 2844 bus..
316 2785 365 2840 Sic
380 2777 470 2840 Deus
488 2783 633 2858 pertnittit
650 2783 800 2860 quoslibet
816 2786 1020 2856 magistratus,
1047 2791 1108 2844 imo
1136 2791 1309 2862 approbat,

159 2885 163 2892 '
211 2874 476 2950 propriiqlegibus
502 2873 563 2941 uti,
589 2873 643 2928 sed
660 2873 741 2928 salva
766 2884 796 2928 et
819 2887 946 2947 excepta
961 2871 1116 2934 voluntate
1133 2897 1211 2950 sua„
1234 2885 1284 2938 cui
1308 2889 1309 2938 ἱ

212 2967 323 3024 debent
348 2966 404 3040 ipsi
421 2965 531 3020 cedere
557 2980 628 3018 eum
645 2963 706 3017 suis
730 2962 847 3034 iegibus
875 2977 905 3022 et
928 2967 1061 3025 obedire.
1095 2971 1139 3026 Ita
1161 2973 1309 3044 semper,

212 3059 296 3129 leges
313 3056 480 3130 positivae,
498 3054 547 3108 ubi
559 3063 689 3126 pugnant
705 3069 775 3108 cum
791 3055 859 3124 lege
870 3056 931 3111 Dei
949 3068 999 3113 aut
1012 3075 1154 3130 naturae,
1165 3045 1285 3119 'cedunt

213 3148 287 3224 ipsis
311 3145 428 3218 legibus
451 3142 513 3202 Dei
537 3141 587 3197 vel
611 3153 730 3197 naturae
748 3153 788 3197 ut
815 3145 971 3217 superiori.
1006 3147 1117 3226 Quare.
1137 3169 1205 3214 euru
1233 3155 1288 3209 lex

141 3245 144 3253 '
212 3237 310 3295 Deut.
327 3237 369 3293 sit
384 3236 437 3291 lex
454 3233 598 3308 positiva,
625 3241 732 3288 ernon
748 3231 908 3304 naturalis,
934 3235 1115 3310 sijrnpingit
1140 3243 1169 3298 in
1187 3244 1288 3316 aliqua

212 3344 302 3384 eausa
318 3329 350 3382 in
375 3327 472 3394 legem
493 3333 633 3390 naturae,
659 3322 749 3378 debet
772 3323 881 3380 cedere
908 3339 937 3382 et
954 3327 1055 3382 locum
1074 3332 1142 3386 dare
1161 3333 1215 3402 legi
1233 3351 1287 3388 na.

123 3412 134 3432 ⁷
213 3431 319 3490 turae,
344 3425 378 3472 ut
394 3411 519 3468 inferior
535 3412 694 3486 superiori.
728 3411 769 3466 Et
783 3413 830 3468 'sic
858 3417 987 3472 etiamsi
1004 3419 1071 3490 lege
1089 3421 1286 3478 Deuterono.

213 3509 266 3568 mii
288 3506 424 3564 videatur
449 3503 516 3572 cogi
540 3503 577 3556 ad
602 3501 768 3558 ducendam
793 3503 882 3560 iiliam
907 3508 1061 3578 thsam,
1088 3522 1188 3568 tamen
1210 3516 1286 3586 quia

211 3598 318 3658 Achae
335 3603 458 3652 nonest
476 3591 653 3664 simpliciter
669 3609 749 3666 uxor
765 3593 865 3650 fratris
882 3595 931 3652 sui
949 3599 1082 3672 (proprie
1105 3602 1183 3658 enim
1199 3606 1286 3660 acci.

177 3737 185 3743 .
212 3689 340 3770 piendae
356 3691 426 3742 suut
443 3696 536 3739 voees
553 3682 629 3753 legis
646 3691 678 3738 et
694 3683 902 3758 simpliciter),
926 3689 980 3744 sed
1004 3675 1094 3748 etiam
1111 3693 1187 3764 lilia,
1205 3696 1285 3754 ideo
1307 3735 1308 3748 ,

264 3934 385 4011 ilvltltl
397 3943 448 3992 aaa
461 3929 517 3987 art
530 3929 689 3989 &tudetes
701 3909 801 3986 aaut
930 3981 933 3989 .
987 3939 988 3944 ’
