2692 4612
431 317 448 336 κ
541 247 648 370 rmus
1073 275 1114 340 aa

37 453 41 458 ’
105 438 223 520 Optimo
242 441 342 510 Viro,
343 416 404 496 D.
424 441 564 515 Georqio
581 437 771 514 Spoletino,
788 455 880 494 servo
897 433 1048 494 christi
1034 449 1082 490 m
1109 492 1137 533 ’-

290 532 472 606 Evangelio
481 532 593 602 fideli,
610 530 745 602 quori
760 546 827 586 suo.
844 531 873 596 ¹)

69 666 197 768 Gratium
214 723 245 770 et
261 729 368 787 pacem
386 715 416 770 in
433 714 578 774 Domino.
612 712 687 770 Non
704 711 761 768 soli
779 711 852 768 estis
868 723 944 778 vos,
961 725 1001 764 mr
994 707 1113 793 'Spala-

65 801 130 878 sine,
145 805 195 888 qui
213 807 250 861 ad
268 805 390 868 comitia
407 789 646 875 proficiscimini,
657 805 687 870 2)
704 819 773 858 nam
790 811 820 857 et
836 817 894 862 nos
911 801 1026 868 statim,
1044 809 1112 854 uta
1160 853 1172 868 ,

65 893 140 949 vobis
157 885 370 964 discessimus,
388 897 423 949 ad
441 895 561 952 comitia
578 896 785 965 pervenimus,
803 909 838 946 ac
851 893 897 947 sic
908 888 938 960 ³)
955 907 1010 946 vos
1023 891 1113 959 longe

64 977 274 1042 antevertimus.
308 985 349 1064 Et
372 987 458 1056 plane
481 989 543 1042 uon
569 985 724 1058 inpedita,
749 984 804 1040 sed
821 990 932 1038 mutata
955 990 1001 1040 est
1023 980 1113 1046 uobis¹
1151 1039 1159 1047 ,

62 1077 199 1144 profectio
216 1078 254 1132 ad
272 1077 402 1132 comitia.
435 1077 523 1131 Vos
515 1076 564 1132 rtis
582 1091 653 1132 sane
670 1075 707 1128 ad
730 1077 897 1176 Augustam
912 1063 964 1140 ⁴),
989 1071 1111 1140 incerti,

62 1167 190 1238 qnando
192 1168 287 1224 visuri
305 1158 336 1235 ⁵)
363 1165 492 1236 auspicia
509 1177 626 1222 vestra.
648 1183 706 1220 nos
729 1163 811 1220 hic'
803 1182 832 1220 m
854 1163 918 1235 ipsa
938 1162 1035 1242 media
1059 1175 1112 1242 οο.Ι

61 1255 135 1310 mitia
157 1257 364 1332 pervenimus,
394 1256 461 1326 „Hic
484 1251 586 1312 videas
613 1255 815 1324 magnanimos
840 1253 957 1324 Reges,
986 1251 1112 1320 Duces,

61 1358 256 1420 proceresque
281 1345 482 1422 alios,regui
504 1347 595 1402 rebus
617 1355 646 1400 et
662 1345 737 1401 natis
754 1337 787 1411 ⁶)
803 1344 879 1400 seria
901 1337 1114 1410 consulentes,

61 1443 84 1488 et
99 1436 265 1506 infatigabili
281 1453 359 1494 voce
376 1423 494 1492 decreta
511 1444 541 1490 st
558 1436 691 1504 dogmata
707 1451 760 1490 sua
775 1451 830 1505 per
840 1440 938 1488 aetem
950 1419 1114 1503 jactantes}

61 1525 192 1600 Denique
203 1511 244 1594 Ι7)
268 1544 329 1582 non
352 1527 383 1582 in
403 1527 506 1582 aulicis
522 1519 555 1594 8)
581 1525 645 1580 istis
670 1517 824 1597 speluncis
845 1538 876 1578 et
899 1524 1008 1592 antris,
1034 1539 1112 1602 quiae

59 1630 109 1672 vos
125 1619 231 1691 palatia
248 1618 357 1686 dicitis,
377 1602 471 1682 (haud
483 1633 587 1686 magna
599 1625 697 1671 tamen
716 1631 785 1670 cum
803 1618 851 1682 re)
870 1631 1027 1673 versantur
1044 1611 1109 1670 sive
1166 1635 1171 1645 ·

61 1707 361 1782 clauduntur-polius.
385 1724 491 1762 verum
509 1707 566 1762 sub
583 1707 672 1788 divo,
697 1705 855 1778 atquibus
872 1705 972 1778 ipsum
988 1705 1110 1760 coelum

60 1797 94 1852 sit
113 1799 254 1871 laquear,
278 1806 307 1854 et
329 1797 461 1854 virentes
482 1798 607 1854 arbores
624 1797 739 1854 varium
761 1797 1006 1871 liber-rimamque
1030 1797 1112 1866 pavi.

59 1899 192 1945 mentum.
202 1882 233 1958 ⁹)
259 1889 360 1945 Porro
370 1889 496 1960 parietes
508 1889 606 1956 iidem,
621 1889 671 1960 qui
687 1897 716 1944 et
728 1887 801 1944 lines
813 1897 921 1949 terrae.
945 1887 1016 1942 Jam
1027 1887 1112 1944 illum

58 1977 154 2033 luxum
171 1980 298 2056 stultum
316 1969 380 2032 anri
396 1987 426 2033 et
437 1976 526 2032 serici
537 1978 700 2034 abhorrent
712 1977 818 2045 etiam,
835 1977 889 2033 sed
900 1977 1111 2048 uniusmoris,
1132 2043 1140 2050 Ι

59 2069 136 2122 anius
157 2069 293 2138 coloris,
315 2066 403 2122 unius
423 2068 543 2123 hibitus
566 2080 595 2123 et
616 2069 679 2123 oris
702 2077 809 2124 omnes
832 2079 919 2136 sunt,
944 2067 1113 2129 incredibili

59 2157 239 2214 similitudine
258 2167 288 2212 et
305 2158 478 2228 aequalitate
494 2157 605 2214 vestiti.
640 2159 756 2214 Omnes
769 2157 880 2230 pariter
891 2157 1059 2228 nigerrimi,
1072 2153 1113 2226 ²⁰)

58 2261 155 2303 omnes
173 2245 326 2302 caeruleis
343 2247 440 2302 oculis
450 2287 459 2315 ,
478 2263 582 2303 omnes
600 2247 704 2301 eadem
720 2248 836 2301 musica
849 2233 968 2302 unisoni
979 2286 989 2314 ‚
1000 2249 1111 2316 jucun.

59 2335 92 2391 do
110 2345 215 2412 ¹tamen
240 2343 352 2392 vocum
378 2337 547 2392 discrimine
569 2353 679 2392 senum
702 2347 732 2392 et
751 2336 917 2408 juniorum.
952 2337 1112 2394 Caesarem

60 2443 155 2482 eorum
172 2430 308 2484 nondum
325 2427 385 2482 ridi
402 2445 459 2484 nec
477 2427 584 2482 audivi⁴
615 2427 711 2482 Video
724 2429 811 2500 etiam
822 2443 877 2484 ecs
894 2428 981 2500 plane
996 2427 1122 2501 equita.'

59 2527 113 2572 tum
127 2519 219 2574 istum
236 2517 456 2590 quadrupedem
469 2526 663 2578 contemnere
675 2555 685 2584 ,
698 2517 854 2572 meliorem
864 2517 977 2572 habent
989 2520 1110 2592 alatum,

60 2625 113 2678 quo
130 2619 159 2664 et
175 2609 406 2672 bombardarum
424 2609 480 2663 iras
499 2608 586 2662 etiam
603 2609 728 2664 evadere
745 2619 864 2680 queant.
899 2607 1056 2684 Quantum
1068 2625 1112 2668 ex

60 2698 210 2773 interprete
228 2701 419 2754 decretorum
435 2699 596 2770 intelligere
613 2700 711 2770 potul,
734 2699 927 2755 concorditer
943 2709 1110 2756 statuerunt

59 2788 161 2844 bellum
179 2792 291 2845 inferre
308 2806 362 2859 per
377 2789 460 2846 hunc
477 2797 574 2844 totum
587 2806 698 2844 anuum
710 2790 827 2844 hordeo
838 2801 899 2846 tam
912 2791 1007 2845 crudo
1020 2807 1111 2864 quam

60 2883 220 2950 macerato',
237 2880 341 2934 deinde
359 2881 458 2934 tritico
476 2889 506 2933 et
522 2878 644 2950 siligini.
663 2889 692 2932 et
706 2897 917 2954 quolquaeque
928 2881 1110 2951 augescunt

62 2971 189 3040 optimae.
225 2968 266 3024 Et
282 2969 446 3040 periculum
464 2979 525 3036 est,
551 2984 588 3021 ns
613 2969 765 3040 potiantur
788 2969 914 3024 victoria
928 2965 968 3031 'in
989 2972 1109 3041 inultis,

62 3071 103 3114 est
117 3062 194 3115 enim
212 3075 306 3130 genus
322 3057 501 3114 bellatorum
517 3069 673 3112 versutum
692 3068 721 3114 et
738 3043 896 3128 dolosumj
914 3073 978 3116 arte
994 3062 1109 3124 furandi
1138 3111 1142 3125 ,

63 3131 93 3204 et
101 3149 230 3224 rapiendi
247 3149 420 3204 mirabiliter
435 3149 625 3218 instructum.
659 3149 776 3204 Horum
787 3149 979 3206 comitiorum
991 3169 1048 3208 nos
1058 3153 1111 3208 hie

63 3242 193 3296 sedemus
209 3239 300 3294 otiosi
318 3248 504 3310 spectatores
522 3248 550 3292 et
568 3237 716 3298 auditores
737 3253 806 3294 cum
828 3250 934 3309 magna
955 3242 1110 3312 voluptate
1202 3222 1207 3244 l

63 3329 157 3396 (linter
173 3327 244 3397 idu-
261 3330 297 3394 ¹¹)
330 3327 410 3385 Nam
428 3339 545 3398 praeter
561 3327 639 3394 hoc,
664 3325 746 3398 quod
763 3328 850 3382 color
864 3328 921 3384 iste
939 3333 1110 3390 communis

64 3427 89 3471 et
110 3419 235 3491 pulchre
260 3415 444 3488 aethiopicus
468 3433 525 3470 nos
550 3415 724 3470 mirabiliter
747 3415 858 3486 reficit,
884 3419 1021 3476 videntes
1048 3433 1109 3480 tam

63 3508 210 3580 magnifice
221 3508 348 3566 vestitos
360 3505 573 3575 istos‘he‘roas,
587 3517 652 3562 tum
662 3519 726 3564 vox
735 3508 872 3564 omnium
883 3525 958 3581 una,
972 3513 1107 3585 pulchris

106 3751 202 3804 lislam
215 3751 291 3798 codd.
327 3752 394 3798 DA
408 3747 602 3806 proficiscamini.
642 3750 665 3796 3)
679 3750 708 3794 Α.
722 3747 750 3793 si.
793 3750 817 3798 t)
831 3748 906 3794 codd.
921 3749 1019 3797 comitia
1028 3753 1109 3812 Augu.

65 3829 132 3884 staua
168 3825 294 3877 slssudd
307 3825 367 3874 usar
380 3823 441 3869 sitis
479 3825 501 3871 6)
517 3823 591 3868 codd
605 3821 680 3870 votis
720 3823 743 3870 7)
759 3822 834 3868 codd
849 3822 966 3870 deinde.
984 3827 1113 3878 8lfludd·

65 3899 117 3948 litt.
130 3900 224 3948 aulis.
247 3898 370 3950 9issudd.
384 3899 444 3947 aiot
458 3894 773 3966 liberrimumeiperyium.
824 3895 957 3957 misaac
971 3901 1032 3950 mar
1045 3903 1109 3956 tm.

65 3976 162 4032 aurini
210 3979 246 4030 tu
260 3973 357 4022 codJ.
369 3970 544 4027 -htuttttm
609 3969 611 3974 ’
1206 3957 1216 3980 “
