2640 4606
225 257 289 326 stt
715 258 805 328 assu
855 247 875 260 ’“
1169 271 1179 350 χ

223 416 250 474 si
273 433 336 474 non
356 416 546 489 ignoremus,
572 421 645 494 quid
667 427 751 478 eolre
774 427 930 494 praeterea
953 417 1116 491 significet,
1139 417 1193 474 sed
1206 417 1263 492 ιιιιῑι

221 491 443 582 amphibologia
460 527 580 584 semper
596 513 633 569 ad
644 513 826 568 deteriorem
837 513 1012 568 seutentiam
1023 519 1155 582 spectat,
1172 510 1194 565 si
1205 524 1264 563 casu

220 591 288 667 fiat,
307 599 423 670 ignosci
441 611 558 672 potest,
576 601 601 658 si
619 603 716 658 studio
735 612 765 658 et
776 603 928 658 voluntate
940 602 1055 672 absque
1067 597 1262 664 misericordia,

220 695 255 742 nt
270 688 348 759 dixi,
366 689 593 746 condemnanda
609 699 663 748 est.
698 690 777 766 Quia
792 692 930 760 dogmata
944 688 1010 746 fidei
1022 699 1142 758 tenere,
1159 689 1263 743 arduum

158 819 164 834 ,
219 786 251 832 et
273 777 407 832 divinum
430 794 506 852 opus
532 789 596 848 est,
627 780 742 836 etiamsi
771 779 903 852 propriis
933 790 964 834 et
987 780 1110 849 signatis
1138 789 1167 833 et
1187 777 1261 833 certis

217 867 325 924 verbis
345 869 515 926 tradantur:
545 871 700 942 quomodo
728 869 816 941 igitar
841 869 1037 939 tenebuntur,
1066 871 1093 926 si
1120 868 1260 940 ambiguis,

218 957 317 1016 dubiis
334 969 365 1014 et
381 959 513 1032 obliquis
530 960 631 1018 verbis
649 959 825 1043 tradantur?
918 1021 927 1032 g

283 1073 516 1153 &Magnesiae-s
532 1081 623 1152 dicit,
641 1081 844 1154 philosophos
861 1077 957 1138 iibere
975 1082 1058 1155 ioqui
1075 1083 1107 1136 in
1123 1080 1206 1138 rebus
1220 1078 1263 1133 dit

216 1169 365 1240 ficilibus,
383 1172 494 1227 nullam
504 1181 674 1228 metuentes
687 1173 948 1242 offensionemr-at
958 1189 1016 1230 uos
1029 1173 1153 1244 (inquit)
1168 1171 1202 1226 ad
1211 1184 1264 1225 cer.

218 1269 284 1324 tam
296 1260 430 1331 regulam
446 1262 592 1334 ioquiias
616 1272 672 1318 est.
690 1250 794 1324 'Unde
820 1273 851 1319 et
866 1279 976 1318 vocem
994 1263 1080 1334 istam
1088 1262 1225 1334 serrium
1241 1267 1266 1314 el

207 1349 325 1425 satum
341 1351 548 1424 reprehendit,
571 1362 632 1420 tam
656 1354 686 1409 iu
709 1368 743 1408 se
764 1355 851 1425 ipso,
877 1371 967 1426 quam
990 1354 1021 1408 in
1045 1353 1119 1408 aliis.
1152 1351 1225 1409 Nam
1243 1351 1265 1406 si

216 1431 306 1497 etiami
331 1443 398 1514 quis
416 1445 575 1526 iogtunam
600 1443 740 1513 intelligat
763 1453 896 1498 mentem
922 1443 1067 1512 divinam,
1097 1460 1170 1516 quae
1193 1442 1267 1497 faciat

214 1545 321 1589 cotnra
339 1547 430 1606 qnam
444 1543 517 1590 nota
532 1541 582 1589 est
597 1543 718 1602 natura,
744 1545 775 1590 et
792 1535 830 1590 ita
847 1551 908 1589 non
924 1533 1015 1606 'impie
1034 1535 1157 1604 sentiat,
1181 1543 1267 1588 tamen

215 1623 300 1682 dic'it:
326 1623 503 1680 senteutiam
521 1633 637 1693 teneat,
663 1625 793 1696 linguam
817 1625 958 1696 corrigat.
992 1615 1096 1697 Atque
1118 1623 1266 1695 fingamus,

218 1715 420 1784 Augustinus
437 1715 492 1770 ista
508 1731 608 1786 neque
625 1713 754 1782 dixisse,
774 1730 873 1787 neque
886 1715 937 1786 jus
956 1715 1103 1792 stat-uendi
1120 1715 1266 1784 habuisse,

214 1813 315 1865 tamen
332 1814 435 1858 natura
452 1803 556 1872 dictat,
572 1812 607 1858 ut
621 1819 820 1878 unaquaeque
834 1803 1000 1878 professio,
1016 1807 1197 1872 tannasara,
1213 1815 1265 1857 tum

214 1896 356 1970 profana,
379 1894 442 1950 suis
466 1895 555 1949 certis
575 1893 676 1950 verbis
694 1891 807 1968 utatur,
820 1961 822 1968 Α
834 1883 1121 1971 ιιιιιιιιίςιιιιίιςι.
1154 1881 1228 1952 Nam
1243 1902 1268 1948 et

214 1985 335 2040 sordida
352 1985 471 2040 artificia
488 1995 538 2039 aut
555 1992 680 2054 arguunt
697 1995 729 2039 ut
744 1969 904 2055 damnum,
930 1997 979 2040 aut
997 1986 1094 2056 rident
1109 1997 1144 2042 ut
1156 1987 1265 2058 jocum,

215 2077 240 2130 si
258 2076 360 2133 alienis
378 2074 511 2146 terminis
534 2077 584 2142 (ut
601 2078 725 2144 vocant>
749 2075 786 2130 de
803 2074 894 2130 rebus
913 2075 1049 2150 ipsorum
1065 2077 1211 2149 quispiam
1229 2078 1266 2130 lo.
1303 2133 1304 2142 ¹

215 2175 339 2239 quatur.-
375 2175 487 2237 quanto
512 2166 606 2234 magis
634 2165 663 2220 in
686 2164 779 2219 rebus
805 2165 994 2234 sacris„ubi
1022 2177 1104 2222 certa
1130 2168 1206 2222 salus
1225 2175 1266 2218 aut

215 2256 344 2329 perditio
362 2267 480 2310 aeterna
494 2254 646 2326 sequitur,
670 2255 763 2310 certis
785 2263 814 2308 et
836 2255 966 2326 propriis
989 2255 1091 2312 verbis
1113 2241 1266 2312 docendum

190 2368 195 2382 ¹
216 2358 276 2404 est
309 2347 461 2402 Ludamus
484 2343 745 2417 amphibologiis
738 2362 767 2399 ιιι
786 2344 883 2399 rebus
905 2345 971 2400 aliis
994 2346 1133 2415 levibus,
1159 2357 1191 2403 ut
1211 2355 1268 2402 suut

216 2452 324 2506 nuces,
342 2451 443 2508 potua,
460 2435 571 2490 denarii
583 2443 613 2490 et
624 2435 737 2489 similes
748 2427 914 2518 puerorum
927 2445 956 2492 et
967 2435 1130 2491 stultorum
1141 2437 1268 2494 deliciae·

138 2519 140 2526 ’
215 2525 403 2594 irreligione
422 2534 452 2578 et
467 2523 567 2578 causis
584 2523 723 2593 gravibus
740 2511 858 2593 politiae
880 2523 1084 2598 aruphibolou
1092 2543 1150 2581 cau
1167 2527 1268 2584 Diabo-

214 2617 279 2673 lum
296 2625 327 2672 et
342 2623 472 2672 mortem
489 2615 653 2683 fugiamus,
668 2622 815 2685 quantum
832 2613 896 2668 lieri
911 2625 1025 2686 potest·

280 2739 322 2794 At
338 2748 443 2794 noster
458 2753 516 2792 rex
532 2735 721 2808 amphibolus
746 2735 863 2792 sedet'
854 2755 885 2792 ιιι
908 2735 1018 2793 throno
1044 2739 1268 2812 arnplubologiae

216 2846 362 2899 securus,
389 2839 419 2883 et
436 2827 546 2900 duplici
565 2827 740 2882 contritione
759 2817 893 2882 conterit
904 2845 961 2884 nos
985 2830 1137 2900 stupidos
1144 2829 1269 2908 christia.

216 2938 284 2976 nos.
317 2919 424 2975 Primo
439 2917 523 2984 vult,
542 2927 572 2972 et
589 2933 693 2986 magna
709 2904 848 2990 voluptas
865 2929 929 2986 est,
950 2918 1096 3006 ambiguis
1112 2920 1177 2976 suis
1192 2920 1267 2975 dictis

212 3027 274 3066 uos
291 3009 460 3076 offendere,
478 3007 621 3092 noletque
639 3021 700 3061 ιιοιι
717 3005 849 3062 offendi
842 3017 916 3064 istos
927 3009 1063 3066 mancos.
1097 3011 1212 3090 Deinde
1223 3010 1267 3064 ubi

218 3100 313 3158 sensit
328 3115 385 3156 nos
391 3087 554 3164 offensos,
580 3106 610 3152 et
628 3097 787 3170 irrrpegisae
806 3098 836 3153 in
853 3098 1011 3174 insidiosas
1030 3099 1154 3184 figuras,
1169 3111 1200 3156 et
1216 3102 1267 3156 cla.

211 3195 299 3247 mare
317 3201 421 3245 contra
439 3205 525 3243 eum:
549 3185 591 3241 ιἸιί
609 3189 689 3241 serio
708 3181 873 3257 triumphat
891 3198 925 3246 et
944 3168 1066 3270 gaudet,
1092 3192 1267 3250 incidissem

216 3299 291 3339 suos
316 3294 417 3336 casses
438 3269 585 3364 praedam
602 3278 733 3372 petitam.
767 3277 847 3334 Nam
872 3277 911 3332 ibi
933 3279 1054 3335 inventa
1076 3281 1267 3338 rhetorioaudi

214 3371 401 3438 occasione,
420 3369 506 3423 irruit
522 3384 614 3440 super
631 3363 695 3424 uos
706 3367 820 3438 magnis
838 3358 949 3423 viribus
967 3381 997 3423 et
1015 3361 1211 3441 clamoribus,
1233 3373 1267 3426 la.

216 3479 342 3530 cerans,
368 3459 534 3530 flagellans,
555 3450 737 3526 crucifigens
763 3467 793 3512 et
809 3457 885 3512 ultra
902 3460 1001 3514 omnia
1016 3470 1124 3516 tartara
1140 3459 1266 3530 mittens,

213 3553 297 3656 quod
315 3548 517 3628 calumniose,
535 3549 715 3616 virulenter,
738 3549 866 3602 satanice
883 3550 930 3620 (et
946 3550 970 3604 si
989 3551 1073 3622 quid
1078 3553 1183 3638 pejus
1182 3556 1268 3607 nomi

214 3642 280 3701 nari
297 3638 417 3716 posset)
436 3639 506 3710 ejus
523 3637 615 3694 verba
631 3622 886 3706 intellexerimus,
912 3655 988 3711 quae
1002 3645 1106 3744 tamen
1128 3646 1172 3700 sic
1179 3639 1266 3698 intel.

216 3735 295 3790 lecta
311 3729 408 3788 voluit
424 3738 484 3782 etc.
1213 3747 1217 3756 ·

281 3847 346 3904 Hac
358 3834 519 3916 tyrannide
524 3837 647 3894 mirifica
664 3839 749 3912 (quis
762 3839 878 3918 credat,
896 3811 1010 3902 tantum
1023 3859 1114 3921 posse
1126 3839 1267 3904 munnam

213 3939 302 3998 isram
311 3928 575 4009 amphibologiam,
589 3938 642 3984 aut
652 3928 718 4002 quis
730 3928 875 4021 suspicari
884 3939 1005 4008 posset,
1017 3933 1110 3994 udum
1121 3935 1266 3996 hominem
