2614 4608
243 273 306 344 508
728 271 819 344 1534.

242 429 371 487 Erasinc
395 425 636 505 respondendum
659 451 746 504 esse,
773 438 850 492 scito
875 447 891 490 a
915 427 975 492 me'
990 431 1112 508 quidem
1135 433 1198 490 satis
1219 447 1271 486 esse

242 531 442 578 contemtum:
470 541 537 578 iiam
561 529 599 580 n'e
624 541 713 582 unam
731 527 853 598 quidem
870 526 937 596 ejus
956 526 1089 581 chartam
1106 525 1170 595 legi.
1198 524 1272 578 Jonas

242 611 270 666 ei
296 614 391 666 semel
417 615 589 686 respondit,
613 631 662 668 me
687 627 889 688 repugnante,
916 625 946 669 et
971 611 1274 684 secundumjudicium

225 711 327 757 -tnnm
344 704 380 758 ad
399 715 583 760 contemtum
600 703 748 762 hortante.
781 693 874 763 Novi*
891 707 971 760 enlm
992 707 1145 762 hominem
1169 706 1234 760 intus
1254 710 1275 756 et

242 791 273 846 in
291 803 380 860 cute,
404 795 456 866 qui
479 793 585 864 dignus
609 797 740 863 nonsit,
766 805 798 851 ut
816 795 912 850 bonus
929 797 1062 855 vincum
1084 811 1122 850 eo
1139 794 1276 868 quidquam

200 931 206 944 .
243 883 312 954 agat*
325 896 375 938 ant
392 885 547 958 loquatur,
572 897 632 944 tam
649 889 780 958 perditae
797 885 928 943 invidiae
952 899 982 942 et
1001 886 1223 966 malevolentiae
1235 883 1278 955 hy.

242 975 358 1046 poenita
373 986 431 1051 est.
465 975 623 1032 Praeterea
640 979 736 1044 nosti,
755 993 845 1048 quain
864 977 978 1034 soleam
994 963 1057 1034 hoc
1072 992 1165 1048 genus
1176 973 1278 1046 scripto.

242 1081 310 1120 rum
322 1067 437 1124 silendo
456 1075 486 1120 et
503 1068 725 1122 contemnendo
737 1068 872 1125 vincere.
887 1123 892 1129 ,
907 1065 993 1140 Quot
1003 1067 1083 1122 enim
1095 1065 1189 1120 libros
1199 1063 1278 1132 Eccii,

148 1181 154 1198 ·
241 1153 345 1224 Fabri,
362 1154 500 1223 Emseri,
518 1157 642 1212 cochlei
656 1169 685 1212 et
696 1159 823 1212 aliorum
836 1158 1051 1230 plurimorum,
1067 1157 1117 1228 qui
1129 1155 1280 1210 videbantur

236 1245 325 1300 -velut
341 1255 460 1302 montes
478 1249 641 1318 parturire,
663 1257 694 1302 et
710 1249 815 1304 nescio
832 1265 908 1319 quae
925 1257 1059 1302 monstra
1075 1246 1211 1318 parituri,
1232 1248 1280 1316 ipse

241 1351 319 1390 meo.
330 1336 448 1390 s'ilentio
466 1337 511 1390 sic
528 1337 643 1405 delevi,
661 1347 693 1392 ut
709 1338 788 1392 nulla
806 1355 912 1395 eorum
928 1346 1028 1393 exstet
1042 1337 1198 1392 memoriast
1228 1334 1281 1391 Viti.

238 1423 403 1506 'litigatores
423 1435 510 1481 vocat
526 1443 579 1482 eos
605 1429 700 1495 Cato,
722 1439 752 1482 et
778 1442 883 1484 eorutn
906 1428 1056 1483 crationes
1082 1427 1152 1483 sinit
1175 1435 1281 1499 praeter.

241 1518 351 1580 tluere,
374 1516 425 1586 qui
451 1525 549 1570 tamen
567 1519 642 1575 forte
661 1515 891 1588 inclaruissent,
916 1519 941 1575 si
960 1519 1094 1600 dignatus
1110 1517 1216 1574 fuisset
1229 1531 1282 1571 cuin

168 1611 173 1631 '
241 1607 286 1662 eis
302 1607 403 1664 rixari.
437 1607 551 1662 Verum
568 1617 615 1662 est
632 1609 703 1662 illud
719 1609 851 1666 triviale:

257 1737 260 1746 .
340 1696 409 1752 Hoc
426 1699 492 1752 scio
509 1715 565 1770 pro
583 1709 685 1768 certo,
703 1701 801 1772 qnod,
822 1701 848 1754 si
866 1715 938 1754 cum
954 1695 1094 1756 stercore
1112 1708 1213 1766 certo,

388 1787 483 1842 Vinco
500 1788 549 1842 vel
566 1789 687 1857 vincor,
706 1805 828 1861 semper
843 1807 899 1859 ego
916 1789 1060 1858 maculer.
1144 1821 1146 1828 ‹

162 1883 173 1894 ‘
242 1875 347 1934 Gloria
364 1888 468 1932 nostra
484 1877 562 1933 haec
580 1890 642 1935 est:
660 1881 805 1952 quidquid
822 1883 852 1936 in
863 1881 1021 1954 scripturis
1035 1891 1067 1937 et
1077 1880 1213 1956 Patribus
1226 1894 1283 1932 con.

240 1980 286 2022 tra
302 1984 359 2024 nos
376 1965 502 2068 produci
519 1981 635 2042 potest,
653 1973 832 2043 productum
845 1983 873 2026 et
885 1961 1066 2028 declaratum
1078 1985 1136 2028 est.
1169 1972 1219 2027 De
1231 1969 1282 2024 reli.

241 2077 323 2131 quo,
341 2070 437 2114 manet
455 2059 522 2116 illos
532 2061 627 2140 gloria
638 2059 750 2116 tantuin
763 2063 974 2136 maledicendi,
991 2063 1172 2130 mentiendi,
1190 2063 1282 2116 calum.

240 2149 357 2220 niandi,
385 2165 474 2222 quam
498 2167 553 2204 cnr
576 2153 618 2206 eis
640 2153 845 2222 invideamus,
870 2169 941 2208 cum
957 2152 1047 2208 nullis
1064 2145 1281 2208 aliis³virtutibus

161 2263 164 2271 ’
240 2240 357 2311 possint
373 2250 401 2293 et
417 2239 509 2295 velint
525 2241 642 2297 nobiles
660 2241 746 2299 lieri?

276 2347 510 2414 u-Desrasmo
535 2359 633 2405 autem
656 2343 787 2405 admirati
812 2349 1086 2420 sumusjudicium
1110 2349 1211 2416 tnuin,
1234 2361 1282 2418 qus

241 2439 417 2510 simpliciter
433 2439 556 2508 statuis,
574 2457 648 2495 eum·
662 2439 735 2496 nihil
751 2440 862 2496 habere
872 2440 1046 2500 firmamenti
1060 2442 1086 2495 in
1101 2457 1154 2498 sua
1166 2437 1284 2518 doctrina

240 2539 358 2603 praeter
369 2529 502 2585 favorem
514 2529 688 2586 homiuum:
705 2529 813 2586 ‘tribuis
831 2530 856 2583 ei
874 2529 1016 2586 inscitiam
1033 2547 1157 2602 quoque
1175 2539 1203 2584 et
1219 2526 1284 2581 mali

239 2619 321 2674 tiam.
356 2619 449 2694 Quod
466 2621 615 2690 judicium
636 2623 663 2676 si
688 2621 779 2690 vulgo
801 2621 1018 2700 persuaderes,
1039 2637 1096 2676 nae
1110 2625 1146 2676 'tu
1162 2619 1286 2694 parvulus

208 2718 212 2726 “
240 2711 410 2770 Davidulus
427 2711 491 2766 hoc
508 2729 570 2767 uno
587 2715 647 2768 ictu
662 2713 753 2768 istum
768 2701 1018 2784 gloriosissimum
1031 2712 1154 2770 Goliath
1169 2721 1286 2785 prostra-

206 2809 209 2812 ·
239 2799 322 2856 veris
340 2811 369 2855 et
385 2811 499 2856 sectam
516 2803 581 2872 ejus
593 2801 765 2856 nniversam
776 2803 870 2856 semel
882 2803 1085 2858 eradicaveris.
1121 2801 1203 2878 Quid
1221 2800 1287 2856 enim

240 2890 344 2946 favore
366 2892 525 2946 hominum·
541 2885 653 2948 'vanius
678 2902 710 2946 et
731 2883 882 2960 fallacius,
906 2909 976 2946 cum
1000 2893 1029 2950 iu
1054 2893 1116 2947 aliis
1143 2892 1285 2954 omnibus,

240 2991 305 3036 tum
320 2983 450 3038 maxime
469 2982 498 3037 in
516 2964 608 3037 rebus
625 2983 843 3054 spiritualibus,
857 2993 891 3056 ut
907 2979 1019 3038 Psalmi
1037 2993 1197 3047 testantur:
1222 2983 1287 3038 Non

240 3071 402 3127 estinan
427 3071 539 3138 salus;
562 3079 606 3128 et:
632 3071 853 3127 omnishomo
873 3073 1022 3130 mendax.
1047 3073 1087 3140 §i
1112 3072 1198 3142 igitur
1218 3081 1285 3126 totus

238 3161 386 3220 Erasmus
404 3179 499 3218 vanus
517 3173 581 3229 est,
598 3173 625 3216 et
641 3164 769 3217 vanitate
787 3181 822 3217 ac
838 3165 992 3218 mendacio
1005 3162 1121 3219 nititur:
1141 3165 1210 3235 quid
1223 3173 1287 3234 opus

240 3262 288 3308 est
305 3254 331 3306 ei
350 3254 554 3327 respondere?
583 3253 751 3308 Evanescet
762 3253 921 3315 ,tandemvet
932 3253 994 3325 ipse
1008 3269 1077 3307 cunt
1091 3269 1145 3308 sua
1156 3255 1284 3314 vanitate,

241 3355 320 3397 sicut
337 3337 453 3411 lunius,
480 3344 505 3398 si
524 3359 593 3397 eum
609 3343 688 3397 inter
705 3343 825 3398 umbras
842 3333 912 3398 istas
930 3356 959 3397 et
976 3341 1207 3412 vitilitigatcres,
1229 3357 1285 3396 men

210 3501 216 3516 „
240 3433 357 3488 silentio
376 3434 579 3511 obscuratos,
591 3449 796 3496 numeremus.

304 3519 372 3606 Ego
391 3514 465 3594 sane
480 3539 637 3610 aliquando
655 3537 744 3592 tribui
767 3539 794 3593 ei
817 3539 962 3610 insignem
985 3539 1205 3609 incogitantiam
1222 3541 1244 3606 ¹)
1264 3543 1288 3590 et

241 3629 516 3700 inaniloquentiam:
542 3630 616 3684 adeo
641 3629 721 3682 enim
742 3627 898 3684 videbatur
921 3639 1047 3683 tractare
1072 3647 1124 3686 res
1147 3644 1242 3686 sacras
1264 3635 1287 3680 et

240 3720 332 3776 serias
358 3720 555 3794 negligenter,
584 3704 688 3776 rursus
714 3720 797 3774 leves
822 3735 932 3789 nugas,
959 3719 1084 3784 ridicula
1107 3730 1137 3775 et
1156 3717 1286 3792 Jccularia

242 3871 770 3890 mm*

234 4007 240 4018 ‚
290 3969 311 4020 t)
324 3967 425 4030 vitei.
443 3955 638 4040 inconstantiam
