<?xml version="1.0" encoding="UTF-8"?>
<!DOCTYPE html PUBLIC "-//W3C//DTD XHTML 1.0 Transitional//EN"
    "http://www.w3.org/TR/xhtml1/DTD/xhtml1-transitional.dtd">
<html xmlns="http://www.w3.org/1999/xhtml" xml:lang="en" lang="en">
 <head>
  <title>
</title>
<meta http-equiv="Content-Type" content="text/html;charset=utf-8" />
  <meta name='ocr-system' content='tesseract 3.04.00' />
  <meta name='ocr-capabilities' content='ocr_page ocr_carea ocr_par ocr_line ocrx_word'/>
</head>
<body>
  <div class='ocr_page' id='page_1' title='image "./briefesendschre11luthgoog/briefesendschre11luthgoog_0534.png"; bbox 0 0 2614 4608; ppageno 0'>
   <div class='ocr_carea' id='block_1_1' title="bbox 506 249 1079 326">
    <p class='ocr_par' dir='ltr' id='par_1_1' title="bbox 506 249 1079 326">
     <span class='ocr_line' id='line_1_1' title="bbox 506 249 1079 326; baseline -0.014 0"><span class='ocrx_word' id='word_1_1' title='bbox 506 263 596 326; x_wconf 74' lang='lat' dir='ltr'>lest.</span> <span class='ocrx_word' id='word_1_2' title='bbox 625 291 628 310; x_wconf 58' lang='grc' dir='ltr'><em>ι</em></span> <span class='ocrx_word' id='word_1_3' title='bbox 752 249 757 257; x_wconf 78' lang='grc'><em>“</em></span> <span class='ocrx_word' id='word_1_4' title='bbox 1019 259 1079 320; x_wconf 81' lang='lat'>511</span> 
     </span>
    </p>
   </div>
   <div class='ocr_carea' id='block_1_2' title="bbox 27 413 1082 1214">
    <p class='ocr_par' dir='ltr' id='par_1_2' title="bbox 27 413 1082 1214">
     <span class='ocr_line' id='line_1_2' title="bbox 35 413 1082 488; baseline -0.001 -18"><span class='ocrx_word' id='word_1_5' title='bbox 35 416 67 470; x_wconf 88' lang='lat' dir='ltr'>ad</span> <span class='ocrx_word' id='word_1_6' title='bbox 77 417 241 488; x_wconf 81' lang='lat' dir='ltr'>Romanos,</span> <span class='ocrx_word' id='word_1_7' title='bbox 257 419 307 478; x_wconf 90' lang='lat' dir='ltr'>ubi</span> <span class='ocrx_word' id='word_1_8' title='bbox 324 419 451 478; x_wconf 85' lang='lat' dir='ltr'>Paulum</span> <span class='ocrx_word' id='word_1_9' title='bbox 467 423 512 478; x_wconf 91' lang='lat' dir='ltr'>sic</span> <span class='ocrx_word' id='word_1_10' title='bbox 529 421 628 478; x_wconf 88' lang='lat' dir='ltr'>laudat</span> <span class='ocrx_word' id='word_1_11' title='bbox 645 431 676 474; x_wconf 89' lang='lat' dir='ltr'>et</span> <span class='ocrx_word' id='word_1_12' title='bbox 692 419 829 483; x_wconf 82' lang='lat' dir='ltr'>extollit,</span> <span class='ocrx_word' id='word_1_13' title='bbox 845 425 876 472; x_wconf 90' lang='lat' dir='ltr'>ut</span> <span class='ocrx_word' id='word_1_14' title='bbox 888 415 966 474; x_wconf 84' lang='lat' dir='ltr'>nulla</span> <span class='ocrx_word' id='word_1_15' title='bbox 978 413 1082 470; x_wconf 80' lang='lat' dir='ltr'>retho-</span> 
     </span>
     <span class='ocr_line' id='line_1_3' title="bbox 34 505 1082 584; baseline 0 -22"><span class='ocrx_word' id='word_1_16' title='bbox 34 507 87 562; x_wconf 78' lang='lat' dir='ltr'>rica</span> <span class='ocrx_word' id='word_1_17' title='bbox 108 509 235 580; x_wconf 79' lang='lat' dir='ltr'>simplex</span> <span class='ocrx_word' id='word_1_18' title='bbox 259 521 289 566; x_wconf 90' lang='lat' dir='ltr'>et</span> <span class='ocrx_word' id='word_1_19' title='bbox 313 513 486 584; x_wconf 82' lang='lat' dir='ltr'>imprudens</span> <span class='ocrx_word' id='word_1_20' title='bbox 511 513 604 566; x_wconf 87' lang='lat' dir='ltr'>lector</span> <span class='ocrx_word' id='word_1_21' title='bbox 627 522 717 584; x_wconf 86' lang='lat' dir='ltr'>queat</span> <span class='ocrx_word' id='word_1_22' title='bbox 740 505 893 584; x_wconf 86' lang='lat' dir='ltr'>potentius</span> <span class='ocrx_word' id='word_1_23' title='bbox 914 507 1033 564; x_wconf 85' lang='lat' dir='ltr'>avocari</span> <span class='ocrx_word' id='word_1_24' title='bbox 1051 516 1082 562; x_wconf 90' lang='lat' dir='ltr'>et</span> 
     </span>
     <span class='ocr_line' id='line_1_4' title="bbox 33 597 1082 671; baseline -0.002 -20"><span class='ocrx_word' id='word_1_25' title='bbox 33 599 136 653; x_wconf 90' lang='lat' dir='ltr'>retundi</span> <span class='ocrx_word' id='word_1_26' title='bbox 154 602 310 671; x_wconf 80' lang='lat' dir='ltr'>alegendo</span> <span class='ocrx_word' id='word_1_27' title='bbox 328 612 357 656; x_wconf 91' lang='lat' dir='ltr'>et</span> <span class='ocrx_word' id='word_1_28' title='bbox 374 603 517 661; x_wconf 84' lang='lat' dir='ltr'>discendo</span> <span class='ocrx_word' id='word_1_29' title='bbox 533 603 647 670; x_wconf 87' lang='lat' dir='ltr'>Paulo,</span> <span class='ocrx_word' id='word_1_30' title='bbox 667 603 743 657; x_wconf 92' lang='lat' dir='ltr'>adeo</span> <span class='ocrx_word' id='word_1_31' title='bbox 760 602 941 668; x_wconf 88' lang='lat' dir='ltr'>confusum,</span> <span class='ocrx_word' id='word_1_32' title='bbox 959 597 1082 669; x_wconf 86' lang='lat' dir='ltr'>impedi.</span> 
     </span>
     <span class='ocr_line' id='line_1_5' title="bbox 32 688 1082 767; baseline -0.003 -26"><span class='ocrx_word' id='word_1_33' title='bbox 32 697 102 752; x_wconf 89' lang='lat' dir='ltr'>tum,</span> <span class='ocrx_word' id='word_1_34' title='bbox 117 700 292 760; x_wconf 79' lang='lat' dir='ltr'><strong>pugnantem</strong></span> <span class='ocrx_word' id='word_1_35' title='bbox 309 692 383 760; x_wconf 85' lang='lat' dir='ltr'>sibi,</span> <span class='ocrx_word' id='word_1_36' title='bbox 401 691 712 760; x_wconf 69' lang='lat' dir='ltr'>varium„horridum’</span> <span class='ocrx_word' id='word_1_37' title='bbox 724 690 834 767; x_wconf 78' lang='lat' dir='ltr'>pingit,</span> <span class='ocrx_word' id='word_1_38' title='bbox 846 701 879 744; x_wconf 90' lang='lat' dir='ltr'>ut</span> <span class='ocrx_word' id='word_1_39' title='bbox 892 689 958 744; x_wconf 85' lang='lat' dir='ltr'>eitm</span> <span class='ocrx_word' id='word_1_40' title='bbox 971 688 1082 760; x_wconf 82' lang='lat' dir='ltr'>episto.</span> 
     </span>
     <span class='ocr_line' id='line_1_6' title="bbox 31 777 1080 853; baseline 0.001 -22"><span class='ocrx_word' id='word_1_41' title='bbox 31 778 83 832; x_wconf 88' lang='lat' dir='ltr'>lam</span> <span class='ocrx_word' id='word_1_42' title='bbox 99 781 217 834; x_wconf 87' lang='lat' dir='ltr'>eredere</span> <span class='ocrx_word' id='word_1_43' title='bbox 234 791 319 851; x_wconf 84' lang='lat' dir='ltr'>cogat</span> <span class='ocrx_word' id='word_1_44' title='bbox 336 782 544 853; x_wconf 83' lang='lat' dir='ltr'>esse-alicujus</span> <span class='ocrx_word' id='word_1_45' title='bbox 563 782 696 836; x_wconf 88' lang='lat' dir='ltr'>hominis</span> <span class='ocrx_word' id='word_1_46' title='bbox 710 780 832 849; x_wconf 84' lang='lat' dir='ltr'>furiosi,</span> <span class='ocrx_word' id='word_1_47' title='bbox 846 787 964 836; x_wconf 84' lang='lat' dir='ltr'>tanturn</span> <span class='ocrx_word' id='word_1_48' title='bbox 977 777 1080 846; x_wconf 81' lang='lat' dir='ltr'>abest,</span> 
     </span>
     <span class='ocr_line' id='line_1_7' title="bbox 29 869 1081 942; baseline -0.001 -20"><span class='ocrx_word' id='word_1_49' title='bbox 29 879 60 924; x_wconf 91' lang='lat' dir='ltr'>ut</span> <span class='ocrx_word' id='word_1_50' title='bbox 73 871 144 928; x_wconf 89' lang='lat' dir='ltr'>utilis</span> <span class='ocrx_word' id='word_1_51' title='bbox 163 888 231 928; x_wconf 83' lang='lat' dir='ltr'>esse</span> <span class='ocrx_word' id='word_1_52' title='bbox 248 869 393 930; x_wconf 86' lang='lat' dir='ltr'>videatur.</span> <span class='ocrx_word' id='word_1_53' title='bbox 425 873 467 929; x_wconf 90' lang='lat' dir='ltr'>Et</span> <span class='ocrx_word' id='word_1_54' title='bbox 491 874 571 928; x_wconf 87' lang='lat' dir='ltr'>inter</span> <span class='ocrx_word' id='word_1_55' title='bbox 593 883 729 928; x_wconf 87' lang='lat' dir='ltr'>caeteros</span> <span class='ocrx_word' id='word_1_56' title='bbox 747 884 869 926; x_wconf 86' lang='lat' dir='ltr'>morsus</span> <span class='ocrx_word' id='word_1_57' title='bbox 887 870 974 942; x_wconf 89' lang='lat' dir='ltr'>plane</span> <span class='ocrx_word' id='word_1_58' title='bbox 992 887 1081 941; x_wconf 87' lang='lat' dir='ltr'>syco.</span> 
     </span>
     <span class='ocr_line' id='line_1_8' title="bbox 28 959 1079 1036; baseline 0.004 -24"><span class='ocrx_word' id='word_1_59' title='bbox 28 959 177 1032; x_wconf 89' lang='lat' dir='ltr'>phantlcos</span> <span class='ocrx_word' id='word_1_60' title='bbox 196 963 267 1018; x_wconf 91' lang='lat' dir='ltr'>illud</span> <span class='ocrx_word' id='word_1_61' title='bbox 283 981 344 1018; x_wconf 91' lang='lat' dir='ltr'>non</span> <span class='ocrx_word' id='word_1_62' title='bbox 365 966 461 1036; x_wconf 89' lang='lat' dir='ltr'>potuit</span> <span class='ocrx_word' id='word_1_63' title='bbox 478 965 562 1020; x_wconf 89' lang='lat' dir='ltr'>salvo</span> <span class='ocrx_word' id='word_1_64' title='bbox 575 964 683 1034; x_wconf 89' lang='lat' dir='ltr'>jecore</span> <span class='ocrx_word' id='word_1_65' title='bbox 702 962 848 1029; x_wconf 86' lang='lat' dir='ltr'>retinere,</span> <span class='ocrx_word' id='word_1_66' title='bbox 869 961 952 1034; x_wconf 92' lang='lat' dir='ltr'>quod</span> <span class='ocrx_word' id='word_1_67' title='bbox 969 960 1079 1016; x_wconf 86' lang='lat' dir='ltr'>Petrus</span> 
     </span>
     <span class='ocr_line' id='line_1_9' title="bbox 29 1037 1080 1125; baseline 0 -21"><span class='ocrx_word' id='word_1_68' title='bbox 29 1051 170 1108; x_wconf 80' lang='lat' dir='ltr'>Christum</span> <span class='ocrx_word' id='word_1_69' title='bbox 186 1052 312 1125; x_wconf 89' lang='lat' dir='ltr'>appellet</span> <span class='ocrx_word' id='word_1_70' title='bbox 328 1055 443 1124; x_wconf 88' lang='lat' dir='ltr'>virum,</span> <span class='ocrx_word' id='word_1_71' title='bbox 459 1053 563 1110; x_wconf 89' lang='lat' dir='ltr'>Deum</span> <span class='ocrx_word' id='word_1_72' title='bbox 579 1063 691 1110; x_wconf 86' lang='lat' dir='ltr'>taceat:</span> <span class='ocrx_word' id='word_1_73' title='bbox 716 1053 829 1108; x_wconf 87' lang='lat' dir='ltr'>bellum</span> <span class='ocrx_word' id='word_1_74' title='bbox 846 1051 977 1120; x_wconf 87' lang='lat' dir='ltr'>dictum,</span> <span class='ocrx_word' id='word_1_75' title='bbox 1003 1059 1032 1106; x_wconf 88' lang='lat' dir='ltr'>et</span> <span class='ocrx_word' id='word_1_76' title='bbox 1049 1037 1080 1106; x_wconf 85' lang='lat' dir='ltr'>in</span> 
     </span>
     <span class='ocr_line' id='line_1_10' title="bbox 27 1142 346 1214; baseline 0.009 -18"><span class='ocrx_word' id='word_1_77' title='bbox 27 1142 89 1198; x_wconf 87' lang='lat' dir='ltr'>loco</span> <span class='ocrx_word' id='word_1_78' title='bbox 104 1145 189 1202; x_wconf 79' lang='lat' dir='ltr'>valde</span> <span class='ocrx_word' id='word_1_79' title='bbox 206 1145 346 1214; x_wconf 88' lang='lat' dir='ltr'>positum.</span> 
     </span>
    </p>
   </div>
   <div class='ocr_carea' id='block_1_3' title="bbox 84 1221 1078 1323">
    <p class='ocr_par' dir='ltr' id='par_1_3' title="bbox 84 1221 1078 1323">
     <span class='ocr_line' id='line_1_11' title="bbox 84 1221 1078 1323; baseline -0.001 -20"><span class='ocrx_word' id='word_1_80' title='bbox 84 1251 152 1304; x_wconf 80' lang='lat' dir='ltr'>Jam</span> <span class='ocrx_word' id='word_1_81' title='bbox 169 1269 242 1306; x_wconf 86' lang='lat' dir='ltr'>vero</span> <span class='ocrx_word' id='word_1_82' title='bbox 259 1253 429 1308; x_wconf 90' lang='lat' dir='ltr'>Methodus</span> <span class='ocrx_word' id='word_1_83' title='bbox 447 1253 512 1323; x_wconf 85' lang='lat' dir='ltr'>ejus</span> <span class='ocrx_word' id='word_1_84' title='bbox 530 1264 599 1306; x_wconf 89' lang='lat' dir='ltr'>eum</span> <span class='ocrx_word' id='word_1_85' title='bbox 618 1251 680 1308; x_wconf 85' lang='lat' dir='ltr'>suis</span> <span class='ocrx_word' id='word_1_86' title='bbox 698 1221 838 1320; x_wconf 81' lang='lat' dir='ltr'>circulis,</span> <span class='ocrx_word' id='word_1_87' title='bbox 855 1247 1003 1322; x_wconf 84' lang='lat' dir='ltr'>quidest,</span> <span class='ocrx_word' id='word_1_88' title='bbox 1021 1249 1078 1303; x_wconf 87' lang='lat' dir='ltr'>nisi</span> 
     </span>
    </p>
   </div>
   <div class='ocr_carea' id='block_1_4' title="bbox 27 1335 1172 1416">
    <p class='ocr_par' dir='ltr' id='par_1_4' title="bbox 27 1335 1172 1416">
     <span class='ocr_line' id='line_1_12' title="bbox 27 1335 1172 1416; baseline 0.003 -26"><span class='ocrx_word' id='word_1_89' title='bbox 27 1339 116 1396; x_wconf 89' lang='lat' dir='ltr'>irrisio</span> <span class='ocrx_word' id='word_1_90' title='bbox 128 1341 238 1397; x_wconf 88' lang='lat' dir='ltr'>Christi</span> <span class='ocrx_word' id='word_1_91' title='bbox 251 1352 279 1398; x_wconf 87' lang='lat' dir='ltr'>et</span> <span class='ocrx_word' id='word_1_92' title='bbox 296 1346 429 1398; x_wconf 88' lang='lat' dir='ltr'>omnium</span> <span class='ocrx_word' id='word_1_93' title='bbox 447 1359 548 1398; x_wconf 89' lang='lat' dir='ltr'>rerum</span> <span class='ocrx_word' id='word_1_94' title='bbox 565 1343 602 1398; x_wconf 86' lang='lat' dir='ltr'>ab</span> <span class='ocrx_word' id='word_1_95' title='bbox 620 1359 656 1398; x_wconf 85' lang='lat' dir='ltr'>eo</span> <span class='ocrx_word' id='word_1_96' title='bbox 669 1344 841 1412; x_wconf 80' lang='lat' dir='ltr'>gestarum?</span> <span class='ocrx_word' id='word_1_97' title='bbox 875 1339 954 1416; x_wconf 80' lang='lat' dir='ltr'>Quis</span> <span class='ocrx_word' id='word_1_98' title='bbox 968 1356 1008 1394; x_wconf 86' lang='lat' dir='ltr'>ex</span> <span class='ocrx_word' id='word_1_99' title='bbox 1019 1340 1081 1394; x_wconf 86' lang='lat' dir='ltr'>hac</span> <span class='ocrx_word' id='word_1_100' title='bbox 1170 1335 1172 1342; x_wconf 83' lang='lat'>&#39;</span> 
     </span>
    </p>
   </div>
   <div class='ocr_carea' id='block_1_5' title="bbox 25 1429 1079 1596">
    <p class='ocr_par' dir='ltr' id='par_1_5' title="bbox 25 1429 1079 1596">
     <span class='ocr_line' id='line_1_13' title="bbox 26 1429 1079 1508; baseline 0.002 -26"><span class='ocrx_word' id='word_1_101' title='bbox 26 1429 170 1486; x_wconf 88' lang='lat' dir='ltr'>Methodo</span> <span class='ocrx_word' id='word_1_102' title='bbox 188 1432 263 1488; x_wconf 88' lang='lat' dir='ltr'>aliud</span> <span class='ocrx_word' id='word_1_103' title='bbox 281 1434 424 1506; x_wconf 80' lang='lat' dir='ltr'>accipiet,</span> <span class='ocrx_word' id='word_1_104' title='bbox 443 1451 532 1508; x_wconf 88' lang='lat' dir='ltr'>quam</span> <span class='ocrx_word' id='word_1_105' title='bbox 546 1434 712 1501; x_wconf 82' lang='lat' dir='ltr'>fastidium,</span> <span class='ocrx_word' id='word_1_106' title='bbox 732 1433 793 1487; x_wconf 88' lang='lat' dir='ltr'>imo</span> <span class='ocrx_word' id='word_1_107' title='bbox 804 1431 1079 1494; x_wconf 82' lang='lat' dir='ltr'>odiumdiscendae</span> 
     </span>
     <span class='ocr_line' id='line_1_14' title="bbox 25 1521 1040 1596; baseline 0.003 -22"><span class='ocrx_word' id='word_1_108' title='bbox 25 1531 81 1575; x_wconf 85' lang='lat' dir='ltr'>tam</span> <span class='ocrx_word' id='word_1_109' title='bbox 97 1522 255 1592; x_wconf 79' lang='lat' dir='ltr'>conftrsae,</span> <span class='ocrx_word' id='word_1_110' title='bbox 273 1525 452 1596; x_wconf 79' lang='lat' dir='ltr'>perplexae,</span> <span class='ocrx_word' id='word_1_111' title='bbox 472 1534 503 1580; x_wconf 88' lang='lat' dir='ltr'>et</span> <span class='ocrx_word' id='word_1_112' title='bbox 520 1523 656 1578; x_wconf 83' lang='lat' dir='ltr'>fortassis</span> <span class='ocrx_word' id='word_1_113' title='bbox 674 1522 827 1578; x_wconf 82' lang='lat' dir='ltr'>fabulosae</span> <span class='ocrx_word' id='word_1_114' title='bbox 844 1521 1020 1592; x_wconf 79' lang='lat' dir='ltr'>religionis?</span> <span class='ocrx_word' id='word_1_115' title='bbox 1038 1581 1040 1586; x_wconf 68' lang='grc'>,</span> 
     </span>
    </p>
   </div>
   <div class='ocr_carea' id='block_1_6' title="bbox 22 1633 1168 2260">
    <p class='ocr_par' dir='ltr' id='par_1_6' title="bbox 22 1633 1168 2260">
     <span class='ocr_line' id='line_1_15' title="bbox 84 1633 1079 1710; baseline -0.002 -20"><span class='ocrx_word' id='word_1_116' title='bbox 84 1636 133 1690; x_wconf 91' lang='lat' dir='ltr'>De</span> <span class='ocrx_word' id='word_1_117' title='bbox 149 1633 289 1692; x_wconf 83' lang='lat' dir='ltr'>Johanne</span> <span class='ocrx_word' id='word_1_118' title='bbox 307 1637 456 1710; x_wconf 87' lang='lat' dir='ltr'>Apostolo</span> <span class='ocrx_word' id='word_1_119' title='bbox 476 1647 506 1692; x_wconf 91' lang='lat' dir='ltr'>et</span> <span class='ocrx_word' id='word_1_120' title='bbox 522 1635 733 1708; x_wconf 85' lang='lat' dir='ltr'>Evangelista,</span> <span class='ocrx_word' id='word_1_121' title='bbox 760 1635 811 1708; x_wconf 89' lang='lat' dir='ltr'>qni</span> <span class='ocrx_word' id='word_1_122' title='bbox 833 1645 903 1707; x_wconf 81' lang='lat' dir='ltr'>post</span> <span class='ocrx_word' id='word_1_123' title='bbox 923 1634 1079 1692; x_wconf 85' lang='lat' dir='ltr'>Christum</span> 
     </span>
     <span class='ocr_line' id='line_1_16' title="bbox 24 1727 1078 1800; baseline 0 -20"><span class='ocrx_word' id='word_1_124' title='bbox 24 1741 149 1782; x_wconf 89' lang='lat' dir='ltr'>summae</span> <span class='ocrx_word' id='word_1_125' title='bbox 167 1729 328 1784; x_wconf 79' lang='lat' dir='ltr'>autoritatis</span> <span class='ocrx_word' id='word_1_126' title='bbox 345 1729 421 1800; x_wconf 86' lang='lat' dir='ltr'>apud</span> <span class='ocrx_word' id='word_1_127' title='bbox 439 1727 621 1786; x_wconf 87' lang='lat' dir='ltr'>christianos</span> <span class='ocrx_word' id='word_1_128' title='bbox 639 1737 703 1794; x_wconf 87' lang='lat' dir='ltr'>est,</span> <span class='ocrx_word' id='word_1_129' title='bbox 721 1727 788 1798; x_wconf 88' lang='lat' dir='ltr'>quis</span> <span class='ocrx_word' id='word_1_130' title='bbox 804 1733 866 1780; x_wconf 89' lang='lat' dir='ltr'>tam</span> <span class='ocrx_word' id='word_1_131' title='bbox 883 1727 1034 1782; x_wconf 77' lang='lat' dir='ltr'>fastidiose</span> <span class='ocrx_word' id='word_1_132' title='bbox 1047 1735 1078 1780; x_wconf 92' lang='lat' dir='ltr'>et</span> 
     </span>
     <span class='ocr_line' id='line_1_17' title="bbox 22 1815 1079 1889; baseline -0.002 -21"><span class='ocrx_word' id='word_1_133' title='bbox 22 1817 119 1870; x_wconf 89' lang='lat' dir='ltr'>odiose</span> <span class='ocrx_word' id='word_1_134' title='bbox 137 1819 214 1882; x_wconf 90' lang='lat' dir='ltr'>(non</span> <span class='ocrx_word' id='word_1_135' title='bbox 232 1819 326 1872; x_wconf 89' lang='lat' dir='ltr'>dicam</span> <span class='ocrx_word' id='word_1_136' title='bbox 344 1815 509 1883; x_wconf 88' lang='lat' dir='ltr'>hostiliter)</span> <span class='ocrx_word' id='word_1_137' title='bbox 526 1818 611 1889; x_wconf 89' lang='lat' dir='ltr'>loqui</span> <span class='ocrx_word' id='word_1_138' title='bbox 629 1817 721 1872; x_wconf 89' lang='lat' dir='ltr'>ausit:</span> <span class='ocrx_word' id='word_1_139' title='bbox 747 1831 850 1870; x_wconf 89' lang='lat' dir='ltr'>meros</span> <span class='ocrx_word' id='word_1_140' title='bbox 875 1827 977 1886; x_wconf 83' lang='lat' dir='ltr'>crepat</span> <span class='ocrx_word' id='word_1_141' title='bbox 993 1832 1079 1870; x_wconf 92' lang='lat' dir='ltr'>mun.</span> 
     </span>
     <span class='ocr_line' id='line_1_18' title="bbox 23 1904 1079 1980; baseline 0.003 -23"><span class='ocrx_word' id='word_1_142' title='bbox 23 1905 90 1972; x_wconf 86' lang='lat' dir='ltr'>dos,</span> <span class='ocrx_word' id='word_1_143' title='bbox 114 1907 171 1964; x_wconf 88' lang='lat' dir='ltr'>nisi</span> <span class='ocrx_word' id='word_1_144' title='bbox 189 1908 239 1980; x_wconf 93' lang='lat' dir='ltr'>qui</span> <span class='ocrx_word' id='word_1_145' title='bbox 258 1925 325 1962; x_wconf 88' lang='lat' dir='ltr'>eum</span> <span class='ocrx_word' id='word_1_146' title='bbox 342 1909 440 1963; x_wconf 84' lang='lat' dir='ltr'>virum</span> <span class='ocrx_word' id='word_1_147' title='bbox 458 1917 543 1980; x_wconf 88' lang='lat' dir='ltr'>putet</span> <span class='ocrx_word' id='word_1_148' title='bbox 559 1923 627 1964; x_wconf 88' lang='lat' dir='ltr'>esse</span> <span class='ocrx_word' id='word_1_149' title='bbox 644 1907 770 1960; x_wconf 88' lang='lat' dir='ltr'>bardum</span> <span class='ocrx_word' id='word_1_150' title='bbox 787 1904 916 1976; x_wconf 81' lang='lat' dir='ltr'>aliquem</span> <span class='ocrx_word' id='word_1_151' title='bbox 934 1915 984 1959; x_wconf 85' lang='lat' dir='ltr'>aut</span> <span class='ocrx_word' id='word_1_152' title='bbox 1005 1905 1079 1960; x_wconf 86' lang='lat' dir='ltr'>buc.</span> 
     </span>
     <span class='ocr_line' id='line_1_19' title="bbox 23 1985 1168 2066; baseline -0.001 -17"><span class='ocrx_word' id='word_1_153' title='bbox 23 2004 135 2051; x_wconf 88' lang='lat' dir='ltr'>eonem‘.</span> <span class='ocrx_word' id='word_1_154' title='bbox 171 1998 328 2053; x_wconf 84' lang='lat' dir='ltr'>Christiani</span> <span class='ocrx_word' id='word_1_155' title='bbox 348 1999 426 2053; x_wconf 88' lang='lat' dir='ltr'>enim</span> <span class='ocrx_word' id='word_1_156' title='bbox 445 2015 515 2052; x_wconf 91' lang='lat' dir='ltr'>cum</span> <span class='ocrx_word' id='word_1_157' title='bbox 532 2008 640 2054; x_wconf 78' lang='lat' dir='ltr'>timore</span> <span class='ocrx_word' id='word_1_158' title='bbox 654 2007 683 2052; x_wconf 86' lang='lat' dir='ltr'>et</span> <span class='ocrx_word' id='word_1_159' title='bbox 695 1990 862 2055; x_wconf 80' lang='lat' dir='ltr'>reverentia</span> <span class='ocrx_word' id='word_1_160' title='bbox 871 1995 910 2049; x_wconf 86' lang='lat' dir='ltr'>&#39;de</span> <span class='ocrx_word' id='word_1_161' title='bbox 924 1995 1078 2066; x_wconf 84' lang='lat' dir='ltr'>Apostolis</span> <span class='ocrx_word' id='word_1_162' title='bbox 1164 1985 1168 1992; x_wconf 71' lang='grc'><em>’</em></span> 
     </span>
     <span class='ocr_line' id='line_1_20' title="bbox 22 2077 1079 2158; baseline 0.001 -19"><span class='ocrx_word' id='word_1_163' title='bbox 22 2087 197 2158; x_wconf 89' lang='lat' dir='ltr'>loquuntur,</span> <span class='ocrx_word' id='word_1_164' title='bbox 221 2089 274 2143; x_wconf 85' lang='lat' dir='ltr'>iste</span> <span class='ocrx_word' id='word_1_165' title='bbox 292 2077 390 2144; x_wconf 75' lang='lat' dir='ltr'>au&#39;tem</span> <span class='ocrx_word' id='word_1_166' title='bbox 408 2091 499 2144; x_wconf 88' lang='lat' dir='ltr'>docet</span> <span class='ocrx_word' id='word_1_167' title='bbox 515 2105 573 2144; x_wconf 86' lang='lat' dir='ltr'>nos</span> <span class='ocrx_word' id='word_1_168' title='bbox 591 2103 661 2142; x_wconf 90' lang='lat' dir='ltr'>cum</span> <span class='ocrx_word' id='word_1_169' title='bbox 678 2087 805 2158; x_wconf 89' lang='lat' dir='ltr'>profano</span> <span class='ocrx_word' id='word_1_170' title='bbox 822 2085 938 2142; x_wconf 82' lang='lat' dir='ltr'>fastidio</span> <span class='ocrx_word' id='word_1_171' title='bbox 956 2094 985 2140; x_wconf 91' lang='lat' dir='ltr'>et</span> <span class='ocrx_word' id='word_1_172' title='bbox 1002 2085 1079 2140; x_wconf 76' lang='lat' dir='ltr'>fattu</span> 
     </span>
     <span class='ocr_line' id='line_1_21' title="bbox 23 2175 1079 2260; baseline 0 -30"><span class='ocrx_word' id='word_1_173' title='bbox 23 2178 54 2230; x_wconf 78' lang='lat' dir='ltr'>tle</span> <span class='ocrx_word' id='word_1_174' title='bbox 72 2179 125 2260; x_wconf 84' lang='lat' dir='ltr'>illis</span> <span class='ocrx_word' id='word_1_175' title='bbox 143 2179 237 2254; x_wconf 89' lang='lat' dir='ltr'>loqui.</span> <span class='ocrx_word' id='word_1_176' title='bbox 270 2179 312 2236; x_wconf 90' lang='lat' dir='ltr'>Et</span> <span class='ocrx_word' id='word_1_177' title='bbox 328 2179 377 2236; x_wconf 91' lang='lat' dir='ltr'>hic</span> <span class='ocrx_word' id='word_1_178' title='bbox 393 2191 440 2236; x_wconf 87' lang='lat' dir='ltr'>est</span> <span class='ocrx_word' id='word_1_179' title='bbox 453 2179 607 2251; x_wconf 84' lang='lat' dir='ltr'>proximus</span> <span class='ocrx_word' id='word_1_180' title='bbox 619 2179 745 2250; x_wconf 81' lang='lat' dir='ltr'>gradus,</span> <span class='ocrx_word' id='word_1_181' title='bbox 764 2178 851 2232; x_wconf 90' lang='lat' dir='ltr'>etiam</span> <span class='ocrx_word' id='word_1_182' title='bbox 863 2177 904 2230; x_wconf 86' lang='lat' dir='ltr'>de</span> <span class='ocrx_word' id='word_1_183' title='bbox 914 2176 981 2248; x_wconf 92' lang='lat' dir='ltr'>ipso</span> <span class='ocrx_word' id='word_1_184' title='bbox 992 2175 1079 2242; x_wconf 87' lang='lat' dir='ltr'>Deo,</span> 
     </span>
    </p>
   </div>
   <div class='ocr_carea' id='block_1_7' title="bbox 21 2265 1078 2524">
    <p class='ocr_par' dir='ltr' id='par_1_7' title="bbox 21 2265 1078 2524">
     <span class='ocr_line' id='line_1_22' title="bbox 23 2265 1077 2344; baseline -0.002 -23"><span class='ocrx_word' id='word_1_185' title='bbox 23 2271 103 2338; x_wconf 88' lang='lat' dir='ltr'>cujus</span> <span class='ocrx_word' id='word_1_186' title='bbox 126 2271 265 2344; x_wconf 83' lang='lat' dir='ltr'>Apostoli</span> <span class='ocrx_word' id='word_1_187' title='bbox 290 2281 376 2338; x_wconf 87' lang='lat' dir='ltr'>sunt,</span> <span class='ocrx_word' id='word_1_188' title='bbox 401 2273 525 2342; x_wconf 86' lang='lat' dir='ltr'>profane</span> <span class='ocrx_word' id='word_1_189' title='bbox 546 2269 647 2341; x_wconf 92' lang='lat' dir='ltr'>loqui,</span> <span class='ocrx_word' id='word_1_190' title='bbox 674 2270 734 2324; x_wconf 92' lang='lat' dir='ltr'>imo</span> <span class='ocrx_word' id='word_1_191' title='bbox 760 2267 895 2337; x_wconf 86' lang='lat' dir='ltr'>ejusdem</span> <span class='ocrx_word' id='word_1_192' title='bbox 920 2265 1077 2339; x_wconf 87' lang='lat' dir='ltr'>superbiae</span> 
     </span>
     <span class='ocr_line' id='line_1_23' title="bbox 21 2349 1078 2432; baseline -0.003 -22"><span class='ocrx_word' id='word_1_193' title='bbox 21 2372 76 2424; x_wconf 82' lang='lat' dir='ltr'>est,</span> <span class='ocrx_word' id='word_1_194' title='bbox 102 2361 244 2432; x_wconf 88' lang='lat' dir='ltr'>Spiritum</span> <span class='ocrx_word' id='word_1_195' title='bbox 270 2371 405 2418; x_wconf 88' lang='lat' dir='ltr'>sanctum</span> <span class='ocrx_word' id='word_1_196' title='bbox 428 2361 532 2431; x_wconf 88' lang='lat' dir='ltr'>(cujus</span> <span class='ocrx_word' id='word_1_197' title='bbox 558 2351 863 2432; x_wconf 74' lang='lat' dir='ltr'>sunt‘Apostolorum</span> <span class='ocrx_word' id='word_1_198' title='bbox 881 2349 987 2422; x_wconf 70' lang='lat' dir='ltr'>v&#39;e&#39;rba)</span> <span class='ocrx_word' id='word_1_199' title='bbox 1012 2371 1078 2412; x_wconf 84' lang='lat' dir='ltr'>cre.</span> 
     </span>
     <span class='ocr_line' id='line_1_24' title="bbox 21 2449 454 2524; baseline 0 -20"><span class='ocrx_word' id='word_1_200' title='bbox 21 2463 132 2519; x_wconf 78' lang='lat' dir='ltr'>pentem</span> <span class='ocrx_word' id='word_1_201' title='bbox 149 2449 278 2506; x_wconf 87' lang='lat' dir='ltr'>mundos</span> <span class='ocrx_word' id='word_1_202' title='bbox 296 2452 454 2524; x_wconf 82' lang='lat' dir='ltr'>appellare.</span> 
     </span>
    </p>
   </div>
   <div class='ocr_carea' id='block_1_8' title="bbox 19 2559 1079 2908">
    <p class='ocr_par' dir='ltr' id='par_1_8' title="bbox 19 2559 1079 2908">
     <span class='ocr_line' id='line_1_25' title="bbox 81 2559 1076 2634; baseline -0.008 -14"><span class='ocrx_word' id='word_1_203' title='bbox 81 2565 168 2620; x_wconf 88' lang='lat' dir='ltr'>Talia</span> <span class='ocrx_word' id='word_1_204' title='bbox 185 2573 254 2620; x_wconf 90' lang='lat' dir='ltr'>sunt</span> <span class='ocrx_word' id='word_1_205' title='bbox 274 2565 303 2620; x_wconf 91' lang='lat' dir='ltr'>in</span> <span class='ocrx_word' id='word_1_206' title='bbox 318 2563 449 2620; x_wconf 87' lang='lat' dir='ltr'>Erasmo</span> <span class='ocrx_word' id='word_1_207' title='bbox 473 2562 600 2631; x_wconf 85' lang='lat' dir='ltr'>infinita,</span> <span class='ocrx_word' id='word_1_208' title='bbox 626 2561 674 2624; x_wconf 83' lang='lat' dir='ltr'>vel</span> <span class='ocrx_word' id='word_1_209' title='bbox 698 2563 796 2634; x_wconf 87' lang='lat' dir='ltr'>potius</span> <span class='ocrx_word' id='word_1_210' title='bbox 821 2561 887 2633; x_wconf 85' lang='lat' dir='ltr'>ipse</span> <span class='ocrx_word' id='word_1_211' title='bbox 910 2559 972 2616; x_wconf 91' lang='lat' dir='ltr'>hoc</span> <span class='ocrx_word' id='word_1_212' title='bbox 994 2567 1076 2614; x_wconf 87' lang='lat' dir='ltr'>totus</span> 
     </span>
     <span class='ocr_line' id='line_1_26' title="bbox 19 2637 1078 2727; baseline -0.002 -20"><span class='ocrx_word' id='word_1_213' title='bbox 19 2666 61 2708; x_wconf 79' lang='lat' dir='ltr'>est</span> <span class='ocrx_word' id='word_1_214' title='bbox 84 2658 113 2709; x_wconf 84' lang='lat' dir='ltr'>in</span> <span class='ocrx_word' id='word_1_215' title='bbox 132 2655 298 2725; x_wconf 75' lang='lat' dir='ltr'>theologia,</span> <span class='ocrx_word' id='word_1_216' title='bbox 324 2655 404 2727; x_wconf 88' lang='lat' dir='ltr'>quod</span> <span class='ocrx_word' id='word_1_217' title='bbox 428 2654 512 2708; x_wconf 88' lang='lat' dir='ltr'>multi</span> <span class='ocrx_word' id='word_1_218' title='bbox 536 2654 582 2707; x_wconf 86' lang='lat' dir='ltr'>alii</span> <span class='ocrx_word' id='word_1_219' title='bbox 606 2663 637 2708; x_wconf 92' lang='lat' dir='ltr'>et</span> <span class='ocrx_word' id='word_1_220' title='bbox 660 2663 726 2706; x_wconf 89' lang='lat' dir='ltr'>ante</span> <span class='ocrx_word' id='word_1_221' title='bbox 750 2667 800 2705; x_wconf 91' lang='lat' dir='ltr'>me</span> <span class='ocrx_word' id='word_1_222' title='bbox 826 2637 1024 2718; x_wconf 76' lang='lat' dir='ltr'>observarunt</span> <span class='ocrx_word' id='word_1_223' title='bbox 1047 2660 1078 2705; x_wconf 91' lang='lat' dir='ltr'>et</span> 
     </span>
     <span class='ocr_line' id='line_1_27' title="bbox 20 2740 1079 2816; baseline -0.004 -20"><span class='ocrx_word' id='word_1_224' title='bbox 20 2745 146 2816; x_wconf 87' lang='lat' dir='ltr'>quotidie</span> <span class='ocrx_word' id='word_1_225' title='bbox 166 2745 325 2801; x_wconf 84' lang='lat' dir='ltr'>observant</span> <span class='ocrx_word' id='word_1_226' title='bbox 342 2745 447 2816; x_wconf 84' lang='lat' dir='ltr'>magis.</span> <span class='ocrx_word' id='word_1_227' title='bbox 481 2743 550 2799; x_wconf 87' lang='lat' dir='ltr'>Nec</span> <span class='ocrx_word' id='word_1_228' title='bbox 569 2745 631 2814; x_wconf 90' lang='lat' dir='ltr'>ipse</span> <span class='ocrx_word' id='word_1_229' title='bbox 649 2753 749 2797; x_wconf 87' lang='lat' dir='ltr'>cessat</span> <span class='ocrx_word' id='word_1_230' title='bbox 766 2741 853 2796; x_wconf 87' lang='lat' dir='ltr'>etiam</span> <span class='ocrx_word' id='word_1_231' title='bbox 878 2740 1010 2812; x_wconf 89' lang='lat' dir='ltr'>quotidie</span> <span class='ocrx_word' id='word_1_232' title='bbox 1027 2757 1079 2798; x_wconf 82' lang='lat' dir='ltr'>au.</span> 
     </span>
     <span class='ocr_line' id='line_1_28' title="bbox 19 2820 1077 2908; baseline -0.003 -18"><span class='ocrx_word' id='word_1_233' title='bbox 19 2853 99 2906; x_wconf 80' lang='lat' dir='ltr'>gere,</span> <span class='ocrx_word' id='word_1_234' title='bbox 119 2848 149 2891; x_wconf 89' lang='lat' dir='ltr'>et</span> <span class='ocrx_word' id='word_1_235' title='bbox 169 2820 298 2893; x_wconf 80' lang='lat' dir='ltr'>crassius</span> <span class='ocrx_word' id='word_1_236' title='bbox 315 2838 403 2891; x_wconf 84' lang='lat' dir='ltr'>edere</span> <span class='ocrx_word' id='word_1_237' title='bbox 416 2851 485 2890; x_wconf 92' lang='lat' dir='ltr'>suas</span> <span class='ocrx_word' id='word_1_238' title='bbox 499 2843 600 2890; x_wconf 89' lang='lat' dir='ltr'>notas:</span> <span class='ocrx_word' id='word_1_239' title='bbox 618 2835 736 2888; x_wconf 84' lang='lat' dir='ltr'>festinat</span> <span class='ocrx_word' id='word_1_240' title='bbox 747 2835 826 2888; x_wconf 88' lang='lat' dir='ltr'>enim</span> <span class='ocrx_word' id='word_1_241' title='bbox 838 2832 985 2903; x_wconf 89' lang='lat' dir='ltr'>judicium</span> <span class='ocrx_word' id='word_1_242' title='bbox 1000 2831 1077 2908; x_wconf 79' lang='lat' dir='ltr'>ejus,</span> 
     </span>
    </p>
   </div>
   <div class='ocr_carea' id='block_1_9' title="bbox 20 2927 523 3002">
    <p class='ocr_par' dir='ltr' id='par_1_9' title="bbox 20 2927 523 3002">
     <span class='ocr_line' id='line_1_29' title="bbox 20 2927 523 3002; baseline 0 -20"><span class='ocrx_word' id='word_1_243' title='bbox 20 2941 44 2982; x_wconf 84' lang='lat' dir='ltr'>et</span> <span class='ocrx_word' id='word_1_244' title='bbox 64 2928 195 3002; x_wconf 84' lang='lat' dir='ltr'>perditio</span> <span class='ocrx_word' id='word_1_245' title='bbox 212 2931 275 2999; x_wconf 89' lang='lat' dir='ltr'>ejus</span> <span class='ocrx_word' id='word_1_246' title='bbox 293 2945 354 2984; x_wconf 92' lang='lat' dir='ltr'>non</span> <span class='ocrx_word' id='word_1_247' title='bbox 372 2927 523 2983; x_wconf 86' lang='lat' dir='ltr'>dormitat.</span> 
     </span>
    </p>
   </div>
   <div class='ocr_carea' id='block_1_10' title="bbox 20 3038 1077 3205">
    <p class='ocr_par' dir='ltr' id='par_1_10' title="bbox 20 3038 1077 3205">
     <span class='ocr_line' id='line_1_30' title="bbox 78 3038 1077 3113; baseline -0.004 -15"><span class='ocrx_word' id='word_1_248' title='bbox 78 3043 122 3099; x_wconf 90' lang='lat' dir='ltr'>Et</span> <span class='ocrx_word' id='word_1_249' title='bbox 139 3043 212 3100; x_wconf 87' lang='lat' dir='ltr'>illud</span> <span class='ocrx_word' id='word_1_250' title='bbox 237 3043 382 3113; x_wconf 78' lang='lat' dir='ltr'>singulare</span> <span class='ocrx_word' id='word_1_251' title='bbox 407 3041 557 3113; x_wconf 83' lang='lat' dir='ltr'>quoddam</span> <span class='ocrx_word' id='word_1_252' title='bbox 580 3052 626 3096; x_wconf 90' lang='lat' dir='ltr'>est</span> <span class='ocrx_word' id='word_1_253' title='bbox 648 3041 762 3112; x_wconf 85' lang='lat' dir='ltr'>pietatis</span> <span class='ocrx_word' id='word_1_254' title='bbox 778 3039 970 3110; x_wconf 80' lang='lat' dir='ltr'>Erasmicae‚</span> <span class='ocrx_word' id='word_1_255' title='bbox 995 3038 1077 3111; x_wconf 88' lang='lat' dir='ltr'>quod</span> 
     </span>
     <span class='ocr_line' id='line_1_31' title="bbox 20 3129 1077 3205; baseline -0.004 -21"><span class='ocrx_word' id='word_1_256' title='bbox 20 3133 44 3186; x_wconf 90' lang='lat' dir='ltr'>in</span> <span class='ocrx_word' id='word_1_257' title='bbox 59 3133 196 3204; x_wconf 86' lang='lat' dir='ltr'>Epistola</span> <span class='ocrx_word' id='word_1_258' title='bbox 219 3134 254 3187; x_wconf 93' lang='lat' dir='ltr'>de</span> <span class='ocrx_word' id='word_1_259' title='bbox 278 3131 477 3205; x_wconf 91' lang='lat' dir='ltr'>Philosophia</span> <span class='ocrx_word' id='word_1_260' title='bbox 500 3131 658 3194; x_wconf 84' lang='lat' dir='ltr'>christiana</span> <span class='ocrx_word' id='word_1_261' title='bbox 682 3133 772 3202; x_wconf 86' lang='lat' dir='ltr'>(quae</span> <span class='ocrx_word' id='word_1_262' title='bbox 793 3147 849 3186; x_wconf 87' lang='lat' dir='ltr'>suo</span> <span class='ocrx_word' id='word_1_263' title='bbox 866 3135 948 3185; x_wconf 83' lang='lat' dir='ltr'>novo</span> <span class='ocrx_word' id='word_1_264' title='bbox 960 3129 1077 3186; x_wconf 69' lang='lat' dir='ltr'>Testa.</span> 
     </span>
    </p>
   </div>
   <div class='ocr_carea' id='block_1_11' title="bbox 19 3220 1111 3296">
    <p class='ocr_par' dir='ltr' id='par_1_11' title="bbox 19 3220 1111 3296">
     <span class='ocr_line' id='line_1_32' title="bbox 19 3220 1111 3296; baseline -0.002 -18"><span class='ocrx_word' id='word_1_265' title='bbox 19 3238 115 3280; x_wconf 88' lang='lat' dir='ltr'>mento</span> <span class='ocrx_word' id='word_1_266' title='bbox 133 3223 228 3278; x_wconf 88' lang='lat' dir='ltr'>addita</span> <span class='ocrx_word' id='word_1_267' title='bbox 246 3225 455 3278; x_wconf 84' lang='lat' dir='ltr'>circumfertur</span> <span class='ocrx_word' id='word_1_268' title='bbox 472 3223 591 3296; x_wconf 87' lang='lat' dir='ltr'>publice</span> <span class='ocrx_word' id='word_1_269' title='bbox 616 3240 669 3296; x_wconf 83' lang='lat' dir='ltr'>per</span> <span class='ocrx_word' id='word_1_270' title='bbox 692 3237 798 3276; x_wconf 91' lang='lat' dir='ltr'>omnes</span> <span class='ocrx_word' id='word_1_271' title='bbox 815 3220 983 3285; x_wconf 77' lang='lat' dir='ltr'>Ecclesiae)</span> <span class='ocrx_word' id='word_1_272' title='bbox 1006 3237 1078 3292; x_wconf 81' lang='lat' dir='ltr'>cum</span> <span class='ocrx_word' id='word_1_273' title='bbox 1107 3229 1111 3236; x_wconf 80' lang='grc'><strong>“</strong></span> 
     </span>
    </p>
   </div>
   <div class='ocr_carea' id='block_1_12' title="bbox 19 3309 1082 3478">
    <p class='ocr_par' dir='ltr' id='par_1_12' title="bbox 19 3309 1082 3478">
     <span class='ocr_line' id='line_1_33' title="bbox 19 3309 1077 3389; baseline -0.003 -21"><span class='ocrx_word' id='word_1_274' title='bbox 19 3315 223 3389; x_wconf 82' lang='lat' dir='ltr'>proposuisset</span> <span class='ocrx_word' id='word_1_275' title='bbox 246 3316 473 3388; x_wconf 88' lang='lat' dir='ltr'>quaestionem,</span> <span class='ocrx_word' id='word_1_276' title='bbox 498 3330 591 3385; x_wconf 89' lang='lat' dir='ltr'>quare</span> <span class='ocrx_word' id='word_1_277' title='bbox 614 3311 750 3365; x_wconf 87' lang='lat' dir='ltr'>Christus</span> <span class='ocrx_word' id='word_1_278' title='bbox 774 3311 810 3364; x_wconf 91' lang='lat' dir='ltr'>de</span> <span class='ocrx_word' id='word_1_279' title='bbox 836 3309 928 3364; x_wconf 88' lang='lat' dir='ltr'>coelis</span> <span class='ocrx_word' id='word_1_280' title='bbox 953 3311 1077 3365; x_wconf 83' lang='lat' dir='ltr'>descen.</span> 
     </span>
     <span class='ocr_line' id='line_1_34' title="bbox 21 3395 1082 3478; baseline 0.001 -21"><span class='ocrx_word' id='word_1_281' title='bbox 21 3409 104 3475; x_wconf 85' lang='lat' dir='ltr'>derit,</span> <span class='ocrx_word' id='word_1_282' title='bbox 129 3416 229 3462; x_wconf 86' lang='lat' dir='ltr'>tantus</span> <span class='ocrx_word' id='word_1_283' title='bbox 246 3406 405 3478; x_wconf 77' lang='lat' dir='ltr'>magister,</span> <span class='ocrx_word' id='word_1_284' title='bbox 432 3421 502 3459; x_wconf 89' lang='lat' dir='ltr'>cum</span> <span class='ocrx_word' id='word_1_285' title='bbox 520 3404 611 3461; x_wconf 87' lang='lat' dir='ltr'>multa</span> <span class='ocrx_word' id='word_1_286' title='bbox 627 3402 702 3470; x_wconf 90' lang='lat' dir='ltr'>sint,</span> <span class='ocrx_word' id='word_1_287' title='bbox 727 3399 813 3454; x_wconf 88' lang='lat' dir='ltr'>etiam</span> <span class='ocrx_word' id='word_1_288' title='bbox 831 3401 908 3475; x_wconf 88' lang='lat' dir='ltr'>apud</span> <span class='ocrx_word' id='word_1_289' title='bbox 924 3395 1082 3458; x_wconf 69' lang='lat' dir='ltr'>Etlmicoe</span> 
     </span>
    </p>
   </div>
   <div class='ocr_carea' id='block_1_13' title="bbox 19 3483 1137 3570">
    <p class='ocr_par' dir='ltr' id='par_1_13' title="bbox 19 3483 1137 3570">
     <span class='ocr_line' id='line_1_35' title="bbox 19 3483 1137 3570; baseline -0.008 -21"><span class='ocrx_word' id='word_1_290' title='bbox 19 3496 135 3565; x_wconf 85' lang='lat' dir='ltr'>similia,</span> <span class='ocrx_word' id='word_1_291' title='bbox 162 3497 238 3552; x_wconf 89' lang='lat' dir='ltr'>forte</span> <span class='ocrx_word' id='word_1_292' title='bbox 263 3497 350 3550; x_wconf 90' lang='lat' dir='ltr'>etiam</span> <span class='ocrx_word' id='word_1_293' title='bbox 370 3495 562 3567; x_wconf 87' lang='lat' dir='ltr'>perfectiora:</span> <span class='ocrx_word' id='word_1_294' title='bbox 588 3483 765 3562; x_wconf 74' lang='lat' dir='ltr'>respondet,</span> <span class='ocrx_word' id='word_1_295' title='bbox 786 3491 905 3570; x_wconf 82' lang='lat' dir='ltr'>venisse</span> <span class='ocrx_word' id='word_1_296' title='bbox 923 3489 1077 3548; x_wconf 87' lang='lat' dir='ltr'>Christum</span> <span class='ocrx_word' id='word_1_297' title='bbox 1135 3532 1137 3540; x_wconf 31' lang='lat' dir='ltr'>s</span> 
     </span>
    </p>
   </div>
   <div class='ocr_carea' id='block_1_14' title="bbox 18 3580 1076 3748">
    <p class='ocr_par' dir='ltr' id='par_1_14' title="bbox 18 3580 1076 3748">
     <span class='ocr_line' id='line_1_36' title="bbox 18 3580 1076 3658; baseline -0.008 -18"><span class='ocrx_word' id='word_1_298' title='bbox 18 3588 100 3658; x_wconf 92' lang='lat' dir='ltr'>(puto</span> <span class='ocrx_word' id='word_1_299' title='bbox 119 3603 189 3642; x_wconf 90' lang='lat' dir='ltr'>eum</span> <span class='ocrx_word' id='word_1_300' title='bbox 205 3585 267 3640; x_wconf 88' lang='lat' dir='ltr'>hoc</span> <span class='ocrx_word' id='word_1_301' title='bbox 285 3586 409 3640; x_wconf 88' lang='lat' dir='ltr'>credere</span> <span class='ocrx_word' id='word_1_302' title='bbox 429 3582 685 3646; x_wconf 87' lang='lat' dir='ltr'>Erasmicissime)</span> <span class='ocrx_word' id='word_1_303' title='bbox 712 3581 747 3634; x_wconf 89' lang='lat' dir='ltr'>de</span> <span class='ocrx_word' id='word_1_304' title='bbox 767 3580 877 3648; x_wconf 86' lang='lat' dir='ltr'>coelis,</span> <span class='ocrx_word' id='word_1_305' title='bbox 903 3589 936 3635; x_wconf 86' lang='lat' dir='ltr'>ut</span> <span class='ocrx_word' id='word_1_306' title='bbox 958 3597 991 3634; x_wconf 84' lang='lat' dir='ltr'>ea</span> <span class='ocrx_word' id='word_1_307' title='bbox 1008 3597 1076 3652; x_wconf 92' lang='lat' dir='ltr'>per.</span> 
     </span>
     <span class='ocr_line' id='line_1_37' title="bbox 19 3665 1076 3748; baseline -0.002 -22"><span class='ocrx_word' id='word_1_308' title='bbox 19 3675 120 3734; x_wconf 85' lang='lat' dir='ltr'>lectius</span> <span class='ocrx_word' id='word_1_309' title='bbox 151 3685 181 3730; x_wconf 88' lang='lat' dir='ltr'>et</span> <span class='ocrx_word' id='word_1_310' title='bbox 205 3674 367 3748; x_wconf 86' lang='lat' dir='ltr'>absolutius</span> <span class='ocrx_word' id='word_1_311' title='bbox 395 3675 471 3728; x_wconf 89' lang='lat' dir='ltr'>ultra</span> <span class='ocrx_word' id='word_1_312' title='bbox 497 3681 632 3728; x_wconf 87' lang='lat' dir='ltr'>caeteros</span> <span class='ocrx_word' id='word_1_313' title='bbox 659 3679 778 3725; x_wconf 86' lang='lat' dir='ltr'>sanctos</span> <span class='ocrx_word' id='word_1_314' title='bbox 804 3680 976 3740; x_wconf 77' lang='lat' dir='ltr'>praestaret.</span> <span class='ocrx_word' id='word_1_315' title='bbox 1009 3665 1076 3726; x_wconf 87' lang='lat' dir='ltr'>&#39;Hic</span> 
     </span>
    </p>
   </div>
   <div class='ocr_carea' id='block_1_15' title="bbox 16 3760 1076 4020">
    <p class='ocr_par' dir='ltr' id='par_1_15' title="bbox 16 3760 1076 4020">
     <span class='ocr_line' id='line_1_38' title="bbox 17 3760 1076 3832; baseline -0.006 -12"><span class='ocrx_word' id='word_1_316' title='bbox 17 3769 108 3822; x_wconf 87' lang='lat' dir='ltr'>miser</span> <span class='ocrx_word' id='word_1_317' title='bbox 119 3767 176 3820; x_wconf 87' lang='lat' dir='ltr'>iste</span> <span class='ocrx_word' id='word_1_318' title='bbox 189 3775 315 3819; x_wconf 88' lang='lat' dir='ltr'>novator</span> <span class='ocrx_word' id='word_1_319' title='bbox 327 3764 462 3820; x_wconf 90' lang='lat' dir='ltr'>onmium</span> <span class='ocrx_word' id='word_1_320' title='bbox 480 3765 541 3832; x_wconf 91' lang='lat' dir='ltr'>(sic</span> <span class='ocrx_word' id='word_1_321' title='bbox 553 3761 720 3818; x_wconf 85' lang='lat' dir='ltr'>Dominum</span> <span class='ocrx_word' id='word_1_322' title='bbox 735 3761 844 3830; x_wconf 82' lang='lat' dir='ltr'>gloriae</span> <span class='ocrx_word' id='word_1_323' title='bbox 857 3760 975 3832; x_wconf 86' lang='lat' dir='ltr'>pungit)</span> <span class='ocrx_word' id='word_1_324' title='bbox 990 3761 1076 3816; x_wconf 86' lang='lat' dir='ltr'>Chri.</span> 
     </span>
     <span class='ocr_line' id='line_1_39' title="bbox 18 3851 1073 3925; baseline -0.001 -16"><span class='ocrx_word' id='word_1_325' title='bbox 18 3867 75 3912; x_wconf 84' lang='lat' dir='ltr'>stus</span> <span class='ocrx_word' id='word_1_326' title='bbox 104 3857 204 3910; x_wconf 86' lang='lat' dir='ltr'>amisit</span> <span class='ocrx_word' id='word_1_327' title='bbox 226 3855 350 3925; x_wconf 82' lang='lat' dir='ltr'>gloriam</span> <span class='ocrx_word' id='word_1_328' title='bbox 375 3853 570 3920; x_wconf 89' lang='lat' dir='ltr'>redemtoris,</span> <span class='ocrx_word' id='word_1_329' title='bbox 595 3863 624 3906; x_wconf 89' lang='lat' dir='ltr'>et</span> <span class='ocrx_word' id='word_1_330' title='bbox 651 3851 681 3908; x_wconf 90' lang='lat' dir='ltr'>lit</span> <span class='ocrx_word' id='word_1_331' title='bbox 708 3861 822 3905; x_wconf 90' lang='lat' dir='ltr'>tantum</span> <span class='ocrx_word' id='word_1_332' title='bbox 846 3851 977 3906; x_wconf 88' lang='lat' dir='ltr'>sanctior</span> <span class='ocrx_word' id='word_1_333' title='bbox 996 3853 1073 3918; x_wconf 75' lang='lat' dir='ltr'>aliis.</span> 
     </span>
     <span class='ocr_line' id='line_1_40' title="bbox 16 3939 1073 4020; baseline -0.002 -18"><span class='ocrx_word' id='word_1_334' title='bbox 16 3944 90 4020; x_wconf 69' lang='lat' dir='ltr'>Non¹</span> <span class='ocrx_word' id='word_1_335' title='bbox 111 3947 209 4020; x_wconf 87' lang='lat' dir='ltr'>potuit</span> <span class='ocrx_word' id='word_1_336' title='bbox 232 3946 504 4018; x_wconf 21' lang='lat' dir='ltr'>ignorantiae-esse</span> <span class='ocrx_word' id='word_1_337' title='bbox 526 3943 588 4000; x_wconf 85' lang='lat' dir='ltr'>hoc</span> <span class='ocrx_word' id='word_1_338' title='bbox 611 3939 754 4012; x_wconf 83' lang='lat' dir='ltr'>verbum,</span> <span class='ocrx_word' id='word_1_339' title='bbox 780 3942 834 4000; x_wconf 80' lang='lat' dir='ltr'>sed</span> <span class='ocrx_word' id='word_1_340' title='bbox 858 3957 988 4002; x_wconf 76' lang='lat' dir='ltr'>necesse</span> <span class='ocrx_word' id='word_1_341' title='bbox 1013 3954 1073 4018; x_wconf 79' lang='lat' dir='ltr'>est,</span> 
     </span>
    </p>
   </div>
   <div class='ocr_carea' id='block_1_16' title="bbox 0 0 1312 4608">
    <p class='ocr_par' dir='ltr' id='par_1_16' title="bbox 0 0 1312 4608">
     <span class='ocr_line' id='line_1_41' title="bbox 0 0 1312 4608; baseline 0 5"><span class='ocrx_word' id='word_1_342' title='bbox 0 0 1312 4608; x_wconf 95' lang='lat' dir='ltr'> </span> 
     </span>
    </p>
   </div>
  </div>
 </body>
</html>
