2640 4608
239 302 302 367 ³0⁰
722 306 819 374 tsitr

237 467 269 516 et
285 459 415 520 civilem.
448 461 477 518 Si
496 461 607 520 Caesar
621 473 652 521 et
667 461 768 539 Papa,
792 465 843 525 ubi
862 463 940 524 civili
958 464 1112 538 tyrannide
1128 459 1246 535 regitat,
1267 461 1303 544 eii

236 563 307 606 suas
318 551 401 621 leges
413 554 700 624 remiserimt‚‚nihi1
711 558 835 612 omnino
850 555 1008 628 peccavit,
1027 558 1095 628 quia
1114 555 1191 611 idem
1203 555 1287 620 Dens,
1302 551 1303 618 ζ

178 697 184 705 ,
237 641 290 714 qui
308 643 455 724 approbat
464 643 562 716 legem
576 646 696 702 civilem
713 645 868 702 acaesare
884 646 991 714 iatam,
1008 647 1152 718 approbat
1163 656 1198 699 et
1208 644 1288 714 legen

232 727 375 802 ‚caesaris
399 733 560 792 adrosere
582 737 759 808 remissam,
783 735 851 807 qnia
868 734 948 790 dedit
973 736 1000 788 ei
1023 745 1201 806 potestatem
1224 735 1289 802 leger

237 817 350 878 ferendi
368 829 396 877 et
407 823 592 895 remittendi,
610 834 639 880 et
654 835 688 880 ut
704 825 744 882 ita
755 825 869 894 dicam,
887 823 989 880 oiave's
1003 825 1110 895 ligandi
1126 835 1157 880 et
1167 821 1291 880 solvendi

239 907 271 970 in
288 920 366 967 terra
382 913 440 970 sibi
459 914 606 988 subjecta.
641 911 698 971 s'et
717 933 743 971 st
735 915 826 972 'Rex
840 915 1040 988 repudiaverit
1052 915 1229 1000 Reginam,
1234 929 1292 985 pec.

236 1002 317 1060 nabit
346 1003 523 1072 gravissime
546 1006 575 1061 in
599 1007 696 1076 legem
723 1007 868 1078 divinam.
892 1023 969 1078 quae
995 1005 1079 1062 dicit.
1101 1005 1200 1082 Quod
1214 1004 1291 1059 Dent

236 1079 419 1166 ιοιῇιιηιιίέ,
435 1093 530 1154 homo
541 1111 613 1152 non
630 1104 769 1170 separet.
803 1097 1017 1166 Homo,i..‚e
1034 1095 1131 1156 nullae
1148 1096 1232 1166 leges
1246 1094 1293 1148 hu.

235 1197 342 1240 manae
359 1201 496 1258 separare
512 1196 652 1259 possunt,
671 1185 852 1259 quodDeus
870 1186 935 1244 sive
954 1186 1087 1242 ordinate
1106 1185 1170 1278 sive
1183 1184 1304 1257 permiti

234 1275 329 1332 tendo
342 1276 515 1347 conjunxit,
534 1277 602 1349 quia
614 1293 667 1332 sua
679 1277 874 1348 conjunctio,
891 1277 956 1332 sive
969 1277 1044 1332 fiat
1031 1292 1121 1348 Jure,
1121 1271 1206 1332 sive
1224 1277 1304 1336 iacto

235 1361 389 1434 humano,
406 1367 545 1440 superior
562 1376 610 1426 est
622 1368 811 1436 ¹ordinatione
829 1367 969 1424 bumana.
1004 1367 1032 1422 Si
1049 1363 1138 1438 igitur
1153 1384 1236 1422 nuno
1251 1382 1294 1438 pu.

237 1466 329 1526 gnant
352 1456 434 1528 leges
458 1457 547 1527 istae,
565 1455 777 1530 provideatur,
799 1475 837 1513 ne
853 1458 926 1514 Rex
944 1457 1068 1528 angliae
1085 1468 1188 1514 servet
1211 1459 1294 1527 legem

235 1544 414 1616 humanam,
431 1556 466 1602 ut
481 1558 588 1620 peccet
605 1548 636 1602 in
653 1549 797 1615 divinam,
814 1547 867 1605 sed
883 1559 918 1604 ut
935 1557 1037 1604 servet
1046 1549 1151 1622 -legem
1163 1547 1294 1614 divinam,

237 1635 404 1692 remittatur
421 1636 464 1705 ei,
483 1636 591 1710 siquid
609 1647 861 1709 essetnecoatum
878 1637 1021 1706 inlegern
1030 1636 1205 1695 humanam
1238 1635 1294 1690 Sine

236 1742 337 1794 nunc,
360 1726 410 1782 fiat
426 1727 604 1792 divortium,
627 1728 742 1798 Regina
763 1737 829 1796 est,
853 1728 911 1784 erit
926 1727 1044 1798 Regina
1059 1728 1206 1798 Angiiae,
1229 1737 1256 1782 et
1270 1725 1305 1810 ιιι

236 1809 386 1888 eiinjuria
403 1830 509 1875 eoram
525 1817 598 1873 Deo
616 1827 649 1876 et
662 1816 846 1874 hominibus.
863 1819 889 1886 ¹)

655 2011 886 2030 m

683 2253 687 2258 .
757 2170 806 2254 Βί

237 2279 438 2381 Gratiani
402 2331 434 2383 et
450 2341 556 2402 paoem
574 2325 603 2382 in
621 2315 757 2384 christo.
790 2325 842 2384 De
867 2331 958 2390 causa
978 2325 1073 2398 Regis
1092 2325 1219 2398 Angiiae
1240 2302 1306 2422 meai

236 2424 283 2472 est
307 2417 469 2484 sententia,
492 2433 582 2490 quam
605 2433 708 2472 coram
724 2417 886 2488 ιιιάἰιιίειῐ,
911 2419 967 2472 mi
970 2418 1100 2486 Antoni,
1114 2427 1196 2472 oum
1214 2433 1247 2472 ea
1269 2373 1306 2468 dn

236 2522 270 2562 re
287 2508 515 2580 disputaremus
526 2507 725 2602 familiariter,
746 2507 878 2577 scilicet,
905 2509 986 2581 quod
1003 2509 1079 2564 mihi
1096 2505 1301 2564 determinatio

235 2595 470 2654 Lovaniensium
494 2567 627 2654 maxime
649 2597 795 2670 probatur
822 2613 894 2670 prae
919 2599 1078 2669 omnibus,
1104 2599 1157 2672 qni
1179 2607 1302 2656 contra·

235 2687 315 2742 rium
328 2688 481 2758 judicant·
499 2695 529 2743 et
546 2689 696 2745 satistuto
714 2688 900 2758 conscientia
916 2689 988 2745 Rex
1004 2707 1070 2745 eam
1086 2689 1174 2763 sequi
1193 2697 1301 2763 potest,

237 2777 300 2840 imo
317 2780 402 2852 sequi
418 2779 449 2848 ¹)
468 2775 574 2848 debet,
592 2778 618 2834 si
635 2787 716 2834 tutus
734 2794 837 2834 eoram
854 2778 927 2834 Deo
951 2795 1020 2839 esse
1045 2781 1134 2848 velit,
1158 2779 1224 2836 hoo
1244 2789 1303 2848 est,

236 2868 319 2925 anilo
336 2867 428 2924 modo
445 2867 592 2938 Reginam
609 2869 730 2945 ductam
749 2863 848 2926 fratris
865 2870 980 2924 mortui·
1001 2885 1131 2925 uxorem
1148 2871 1303 2942 repudiare

235 2967 354 3028 potest,
373 2968 402 3013 et
414 2975 450 3014 eo
463 2959 589 3031 repudio
602 2967 661 3024 tam
673 2945 813 3026 matrem,
830 2975 920 3032 quam
933 2959 1022 3020 filiam
1037 2961 1183 3016 incestam
1195 2963 1304 3016 facere.

170 3115 177 3125 Α
236 3047 315 3124 Nam
334 3049 415 3120 quod
432 3048 616 3122 dispensatio
630 3045 804 3115 Romani.³)
821 3048 980 3106 Pontificis
997 3051 1123 3107 valuerit
1140 3051 1177 3105 ad
1195 3053 1305 3106 ducen.

236 3135 304 3194 dam
322 3138 420 3194 fratris
437 3137 548 3212 mortui
565 3153 712 3203 uxorem,
729 3152 809 3194 nuno
825 3155 886 3193 non
905 3137 1040 3210 disputo:
1063 3139 1117 3195 sed
1133 3141 1198 3196 hoo
1216 3141 1301 3196 dico:

235 3226 314 3284 Esto
331 3243 421 3296 sane,
445 3227 579 3300 peccarit
594 3228 666 3282 Rex
683 3228 823 3284 ducendo
846 3229 943 3283 fratris
960 3230 1073 3284 mortui
1090 3245 1238 3286 uxorem:
1264 3243 1305 3284 ta.

235 3335 306 3374 men
323 3319 411 3388 longe
436 3318 565 3374 atrocius
591 3328 620 3372 et
637 3317 734 3388 majus
753 3305 920 3388 peecatum
935 3321 991 3374 erit
1009 3319 1129 3376 ductam
1146 3323 1304 3394 repudiare

238 3407 464 3477 atuconjngium
482 3407 649 3462 dissolvere
673 3402 733 3462 tam
757 3407 946 3476 crudeliterJ
962 3419 995 3464 ut
1018 3419 1079 3464 tam
1098 3410 1188 3480 Rex,
1214 3427 1305 3483 quarn

237 3497 301 3570 ipsa
311 3498 426 3567 ,Regina
443 3506 473 3554 et
486 3497 790 3569 Reginulagperpatuo
804 3498 970 3572 opprobrio
982 3499 1114 3564 incestae
1126 3501 1304 3570 habeantur,

237 3603 307 3644 oum
326 3605 358 3644 re
375 3604 446 3643 vera
462 3588 541 3642 nulia
559 3585 657 3642 subsit
674 3601 779 3655 causa,
806 3584 862 3642 ou'r
879 3604 928 3642 eas
946 3589 1008 3644 hoo
1024 3589 1161 3646 horribili
1179 3593 1305 3647 crimine

238 3678 380 3750 infamare
392 3678 481 3744 velit,
499 3687 529 3733 et
541 3693 633 3757 super
643 3677 705 3732 hoc
718 3672 806 3732 etiam
816 3678 990 3749 eonjugium
1002 3680 1181 3737 dissolvere.
1219 3683 1306 3757 Quae

186 3953 190 3964 ι
287 3927 382 3977 1)th
396 3934 502 3979 usitato
477 3923 551 3978 cidit
567 3927 601 3972 At
613 3925 652 3970 hic
665 3924 744 3982 regern
758 3930 806 3976 eto.
825 3927 878 3984 titi
897 3927 937 3982 ιιι
955 3928 1044 3981 dudd
1059 3939 1091 3976 ax
1105 3929 1181 3978 Meto.
1195 3929 1306 3978 aurariis

236 3999 334 4050 aaa
346 3999 459 4057 «aequi.
508 4000 531 4052 3)
545 3999 646 4051 εει-
656 4001 794 4048 Romani.
