2640 4606
518 317 610 390 esst.
666 271 673 282 ⁴
982 377 986 384 ,
1033 311 1095 383 ⁵17

49 475 107 530 'ess'e'
119 473 302 534 tam'dediae
317 481 448 550 mentis,
464 489 499 538 ut
514 491 629 538 tantum
646 479 694 538 isti
709 474 818 552 figurae
829 479 1009 535 vanissimae
1022 493 1098 532 con.

49 565 139 633 fideti)
155 586 212 626 nos
230 555 291 626 nou
304 573 404 626 solum
422 573 504 644 cogit
519 575 556 627 ad
573 573 725 628 ferendam
741 573 895 627 libidinem
906 569 971 642 ejus
984 567 1098 639 amphi-

15 647 20 654 ’
49 654 219 727 hologissndi
243 662 443 731 liberrimam,
471 645 527 720 sed
553 664 642 718 etiarn
668 663 703 716 ad
728 663 940 718 necessitatem
969 657 1098 715 tacendi.

49 745 152 803 Offendi
168 767 227 806 uos
242 751 329 824 plane
345 755 411 808 vult
427 763 457 809 et
477 753 577 826 cupit,
601 765 635 808 ut
658 755 752 808 rideat
776 769 848 808 cum
872 752 934 808 suis
956 750 1099 822 Epicuris

47 854 93 893 nos
117 841 235 896 stultos.
267 842 387 898 Rursus
412 845 513 898 audire
537 861 601 899 non
623 843 687 898 vult
708 859 767 899 nos
788 860 860 899 esse
882 844 1035 908 offensos,
1058 857 1098 894 ne

47 927 168 984 videatur
188 948 250 985 non
274 947 343 988 esse
369 933 647 990 christianissimus.
689 933 739 988 Sic
762 949 821 988 nos
843 933 945 986 miseri
972 931 1100 985 vulnera

48 1018 100 1072 sine
116 1019 174 1076 line
190 1021 250 1092 pari
265 1021 428 1092 debemus,
447 1041 566 1094 gemere
578 1034 627 1078 aut
637 1023 760 1079 hiscere
777 1040 839 1078 non
850 1023 1005 1077 debemus.
1037 1019 1098 1090 8⁰1

40 1107 83 1172 in
106 1107 190 1170 lieltt
205 1110 331 1181 stultu
347 1113 399 1173 brt
414 1113 481 1181 nul
499 1126 566 1175 non
581 1113 643 1183 arb
660 1111 800 1180 letetur
817 1107 967 1182 irmerlid)
984 1111 1032 1178 let
1049 1109 1102 1170 ltu

47 1196 169 1268 turtum.

99 1331 169 1388 Nos
192 1349 267 1388 vero
290 1333 460 1404 christiani,
481 1338 534 1409 qui
550 1337 612 1392 non
627 1337 742 1394 tantum
758 1334 917 1403 victualia,
941 1329 1103 1389 sedetiam

44 1421 168 1492 Angelos
186 1434 217 1479 et
232 1427 377 1480 mundum
393 1443 498 1486 sumus
511 1429 691 1499 judicaturi,
716 1428 803 1483 etlam
827 1425 865 1481 de
886 1426 965 1480 iacto
986 1422 1102 1495 judica.

45 1525 122 1582 mus,
145 1514 231 1569 istam
247 1515 433 1585 tyrannidem
449 1517 727 1590 amphibolistarum
744 1534 806 1574 non
828 1518 929 1572 solum
951 1532 1013 1570 non
1032 1511 1102 1568 ieri.'

18 1636 19 1642 ι
45 1617 123 1672 mus,
137 1605 191 1660 sed
205 1616 308 1660 contra
321 1608 503 1678 opponimus
515 1609 681 1664 libertatem
693 1607 820 1682 duplicis
831 1603 1103 1663 condemnationis.

44 1691 137 1748 Prima
150 1703 198 1750 est
214 1696 319 1776 (quani
332 1699 420 1766 dixi),
438 1708 472 1752 ut
489 1699 588 1753 omnia
599 1699 716 1756 Erasini
734 1698 869 1768 ambigue
887 1697 965 1752 dicta
982 1696 1104 1750 domne.

43 1797 122 1854 mus,
148 1794 180 1840 et
196 1797 301 1840 contra
320 1788 419 1857 ipsum
437 1789 637 1876 accipiamus,
661 1791 740 1844 sicut
757 1785 898 1844 Christus
923 1787 1016 1842 dixit:
1043 1763 1152 1840 Ex

44 1889 91 1928 ore
107 1877 287 1946 tuojudico
301 1885 349 1946 te,
367 1893 626 1955 servenequam:
641 1881 728 1935 item:
748 1879 809 1934 Ex
824 1875 928 1934 verbis
944 1876 1009 1932 rub
1023 1891 1101 1931 con·

46 1963 249 2021 demnaberis.
285 1967 388 2042 Quare
409 1971 487 2024 enim
513 1971 633 2025 locutus
659 1985 694 2024 es
718 1977 824 2024 contra
847 1968 973 2023 animam
996 1966 1099 2020 tuam?

44 2058 156 2126 sanguis
180 2067 248 2112 tuus
273 2059 312 2113 sit
336 2075 429 2131 super
451 2071 542 2132 caput
565 2071 660 2115 tuum.
693 2058 846 2127 Secunda,
871 2067 905 2112 ut
927 2055 1045 2126 glossas
1069 2063 1101 2112 et
1198 2086 1201 2092 ·

43 2144 294 2218 interpretationes
312 2149 378 2219 ejus
394 2147 570 2206 commodas
587 2150 633 2205 bis
650 2151 826 2204 damnemus
838 2159 867 2202 et
876 2145 1099 2215 maledicamus,

44 2246 74 2291 ut
89 2238 199 2310 quibus
217 2257 279 2294 non
296 2239 395 2295 solum
412 2256 473 2294 non
490 2241 611 2309 corrigit
627 2231 716 2309 impie
739 2239 833 2307 dicta,
859 2239 919 2294 sed
936 2237 1025 2315 etiam
1046 2237 1101 2294 de.

42 2325 145 2396 tendit,
168 2328 231 2382 hoc
255 2338 317 2398 est,
342 2328 433 2402 duplo
458 2345 516 2384 nos
534 2330 627 2398 magis
649 2329 726 2384 ridet
748 2326 988 2400 interpretando,
1014 2339 1105 2398 quam

42 2416 110 2473 lecit
126 2419 291 2491 loquendo.
318 2443 324 2450 -
690 2409 693 2414 ’

100 2559 244 2632 Exempli
268 2561 376 2630 gratia,
400 2567 514 2616 coitum
531 2561 592 2616 Dei
611 2570 640 2614 et
656 2559 785 2632 Virginis
808 2559 874 2634 vult
898 2559 1018 2630 intelligi
1043 2575 1105 2614 non

40 2652 190 2720 vulgarem
208 2658 340 2720 cottum,
368 2651 420 2708 sed
439 2653 528 2706 alium
545 2653 694 2724 quendam
715 2651 845 2722 conjugii
852 2649 867 2720 ‚'
889 2651 1006 2707 scilicet
1027 2650 1106 2705 inter

39 2739 147 2797 Deum'
164 2749 195 2794 et
211 2741 379 2815 Virginem,
405 2743 491 2812 cujus
514 2741 638 2798 Gabriel
663 2743 701 2798 sit
724 2743 902 2814 pronubus,
927 2751 957 2798 et
979 2739 1106 2814 Spiritus
1201 2731 1216 2740 ”

40 2843 161 2887 sanctus
179 2833 317 2903 impleat,
334 2833 416 2902 quod
433 2843 518 2886 actus
537 2832 660 2888 seminis
679 2842 740 2888 etc.
771 2833 848 2888 Vide
863 2851 919 2906 per
936 2833 1103 2900 (mistum,

40 2923 110 2994 quid
127 2939 272 2992 cogamur
288 2923 366 2976 ferre
384 2933 414 2976 et
429 2923 531 2976 audire
550 2923 586 2976 ab
598 2925 656 2978 isto
671 2924 718 2978 sui
730 2923 825 2994 ipsius
837 2924 1011 2996 interprete.
1045 2923 1104 2994 Sed

39 3012 110 3067 dicit
121 3017 195 3078 ista,
211 3024 245 3066 ut
261 3011 475 3084 turpitudinem
493 3023 522 3070 et
540 3011 779 3070 obscoenitatem
796 3013 882 3070 verbi
899 3013 985 3069 istius
1004 3013 1104 3070 invitis

39 3103 208 3158 christianis
226 3103 314 3156 etiarn
331 3091 483 3156 irridendo
498 3103 656 3169 defendat,
674 3113 703 3156 rt
717 3103 927 3158 offendiculum
939 3103 1003 3158 ho'c
1015 3102 1105 3158 nobis

37 3209 90 3261 per
109 3193 172 3246 vim
188 3191 346 3258 obtrudat,
373 3209 444 3245 cum
462 3191 537 3246 sciat
555 3192 642 3246 valde
659 3191 752 3257 bene,
769 3192 848 3247 istud
866 3194 1043 3263 mysterium
1060 3207 1106 3245 sa.

38 3283 223 3338 cratissimae
241 3281 452 3342 incarnationis
469 3282 616 3350 ambiguis
633 3291 662 3336 et
675 3281 811 3350 turpibus
824 3282 925 3336 verbis
939 3299 1000 3336 non
1013 3297 1106 3352 posse

36 3372 85 3426 ulli
98 3371 219 3431 homini
231 3369 397 3440 significari.
425 3372 505 3446 Quid
518 3388 593 3426 vero
606 3370 770 3440 significent
782 3369 939 3440 Epicuris,
956 3371 1106 3427 horresco

36 3464 180 3538 cogitare.
214 3462 277 3516 Cur
293 3479 355 3516 non
374 3461 462 3516 etiam
477 3469 590 3516 coitum
603 3475 749 3514 vocemus
764 3460 948 3531 colloquium
959 3461 1020 3516 Dei
1034 3477 1106 3551 cum

34 3551 148 3610 Mose
156 3562 187 3608 et
210 3551 274 3608 aliis
291 3551 474 3623 Prophetis,
500 3561 529 3606 et
551 3551 695 3620 fingamus
719 3551 854 3620 Angelos
876 3551 1055 3623 pronubos,
1075 3562 1106 3610 et

35 3645 181 3716 Spiritum
198 3649 332 3698 sanctum
350 3653 451 3695 actum
469 3641 620 3708 seminis,
634 3649 684 3694 aut
707 3641 733 3695 si
756 3641 826 3713 quid
847 3637 1035 3697 obscoenius
1048 3643 1106 3698 dici

34 3735 161 3807 potest?
192 3733 252 3788 Sed
266 3731 319 3787 hic
336 3733 419 3786 adest
435 3747 548 3806 sertus,
573 3731 624 3804 qui
650 3731 776 3787 idoneus
800 3737 845 3787 est
860 3733 944 3787 visus
962 3730 1012 3788 isti
1030 3733 1107 3788 ludi.

33 3828 124 3894 brio,
153 3841 215 3897 quo
231 3823 319 3882 Deus
336 3825 446 3896 possit
450 3823 508 3876 dici
526 3837 595 3876 cum
612 3819 733 3892 Virgine
750 3831 851 3892 coire,
876 3832 911 3878 ut
933 3823 1031 3878 fabula
1056 3825 1106 3880 fiat
1210 3879 1217 3896 x
1307 3903 1308 3910 ἵ

33 3917 146 3975 similis
165 3915 223 3984 illi,
241 3914 291 3968 ubi
308 3929 379 3968 cum
394 3913 482 3969 Rhea
498 3913 606 3981 Mars,
625 3922 655 3966 et
673 3931 742 3967 cum
761 3913 876 3968 Semele
893 3913 1014 3984 Jupiter
1031 3927 1106 3972 con.

34 4009 164 4076 cubuit,
183 4016 214 4063 et
227 4017 310 4062 secta
325 4006 560 4063 christianorum
573 4003 611 4060 sit
622 4005 706 4077 quasi
719 4021 776 4060 una
788 4021 828 4061 ex
838 4004 943 4062 fabulis
954 4007 1102 4077 gentium,
1199 3989 1204 3996 ¹
