2652 4608
223 281 285 353 16⁰
478 341 487 364 ,
708 283 799 352 15³0.

224 505 230 520 ⁸
289 449 314 500 1.
333 421 502 518 Principio,
525 443 551 500 si
568 444 726 521 quisquam
743 452 846 500 certus
864 449 928 514 est,
950 442 1101 516 integrum
1117 457 1208 512 usum
1235 459 1292 500 eu.

224 532 382 588 charistiae
403 533 464 590 Dei
489 535 707 590 ordinationem
728 543 818 606 atque
841 535 1011 589 mandatum
1033 549 1116 609 esse,
1141 543 1173 590 et
1195 549 1292 589 usum

198 689 204 701 ‚
221 623 342 698 alterius
355 625 444 697 partis
455 642 586 698 pugnare
599 641 671 682 cum
688 623 879 688 ordinatione
891 634 980 698 atque
991 626 1130 680 mandato
1147 617 1197 680 illo
1208 625 1291 696 Dei:

220 716 248 796 is
272 715 341 786 quia
363 727 465 770 certus
486 726 534 772 est
555 716 593 772 de
615 717 754 772 mandato
769 716 830 774 Dei
852 733 914 772 non
938 717 1027 772 debet
1040 699 1174 784 curare,
1198 729 1293 773 usum
1315 715 1318 726 '¹

223 791 326 888 calicis
343 807 493 865 sublatum
511 823 591 864 esse.
623 803 704 864 Nam
727 815 849 878 oportet
869 823 926 864 nos
945 809 1016 866 Deo
1032 809 1124 878 magis
1145 793 1292 876 obedire,

221 911 318 972 guam
330 897 516 956 hominibus.
537 889 687 958 Rursum
703 898 729 954 si
746 915 867 956 causam
882 899 962 956 hanc
978 909 1073 974 tptam
1089 900 1189 956 adhuc
1204 899 1294 968 igno.

149 1039 158 1048 ,
222 1000 270 1044 rat
292 997 381 1062 atque
397 987 528 1060 dubitat,
550 986 575 1046 is
591 987 656 1044 hoc
680 999 762 1059 agat,
785 997 820 1045 ut
838 989 920 1062 quod
943 989 1057 1058 nescit,
1079 987 1174 1044 discat
1197 1000 1294 1062 arque

223 1092 405 1159 cognoscat„
436 1081 517 1138 Nam
541 1083 705 1152 ignorantia
729 1081 798 1138 facti
819 1099 882 1138 non
904 1090 1040 1140 excusat.
1080 1081 1185 1140 Debet
1209 1081 1296 1140 enim

224 1169 405 1230 christianus
422 1189 514 1232 nosse
531 1171 733 1230 ordinationes
752 1171 865 1230 Christi
880 1172 1008 1230 Domini
1024 1173 1080 1230 sui.
1318 1180 1319 1184 ’

288 1313 315 1366 2.
333 1311 363 1366 Si
373 1310 424 1366 cni
435 1309 466 1378 ¹)
483 1311 596 1366 volenti
614 1317 644 1366 et
656 1311 786 1384 cupienti
798 1327 887 1368 usum
904 1311 1009 1383 integri
1023 1310 1200 1368 sacramenti
1214 1327 1295 1366 usus

222 1401 403 1471 denegatur,
413 1399 446 1468 ²>
463 1401 490 1456 ei
501 1416 563 1456 non
575 1395 703 1456 eitsatis
712 1439 723 1470 ,
739 1411 773 1456 ut
789 1399 880 1458 altera
891 1411 975 1473 parte
992 1410 1093 1458 utatur
1097 1442 1110 1474 ,
1127 1401 1189 1456 imo
1200 1401 1297 1472 longe

223 1491 331 1546 melina
349 1501 396 1546 est
413 1490 456 1560 ei,
478 1499 513 1546 ot
529 1489 580 1546 vel
596 1500 721 1564 quaerat
735 1489 841 1546 locum
855 1491 1033 1548 christianae
1054 1475 1216 1562 libertatis,
1240 1491 1298 1546 vel

224 1582 252 1637 si
269 1581 332 1636 hoc
346 1597 408 1637 non
424 1589 541 1654 potest,
567 1597 583 1636 a
600 1581 792 1654 perceptione
816 1581 906 1638 nnius
923 1582 1035 1655 speciei
1059 1582 1091 1640 in
1113 1575 1298 1640 unirersum

222 1671 385 1740 abstineat,
400 1681 433 1728 et
449 1681 546 1726 utatur
564 1671 679 1730 interim
697 1681 887 1728 sacramento
903 1671 1110 1746 spiritualiter,
1129 1673 1160 1728 in
1175 1671 1207 1741 3)
1232 1671 1299 1728 fide

223 1761 407 1820 confirmans
424 1763 621 1846 suamflipsius
640 1763 856 1818 conscientiam
872 1764 968 1820 verbo
984 1763 1129 1833 Domini,
1146 1765 1177 1820 in
1194 1743 1320 1822 coensi

222 1850 463 1910 etmeditatiott'e
480 1851 628 1923 passionis
644 1851 773 1908 Domini
789 1852 887 1910 nostri
906 1851 986 1910 desa
1000 1853 1129 1912 Christi:
1227 1869 1231 1874 ·
1319 1903 1320 1918 ,

289 1995 316 2048 3.
333 1991 438 2050 Nemo
454 1991 543 2050 debet
553 1993 616 2050 hoc
634 2001 856 2047 sacramentam
872 1993 1012 2060 occidte,
1023 1983 1056 2058 ⁴)
1067 1991 1197 2051 seorsim
1214 1991 1303 2048 acci.

224 2099 297 2156 pere
319 2099 356 2138 ac
378 2083 543 2156 porrigere.
576 2081 656 2138 Nam
675 2079 816 2136 Christus
838 2067 964 2138 institnit
984 2079 1047 2136 hoc
1060 2091 1303 2156 ¹sacramentum

220 2173 424 2246 intpubiicnm
441 2173 656 2241 ministerium,
680 2181 714 2227 ut
730 2171 796 2243 ejus
819 2169 851 2226 in
867 2173 971 2228 eofiat
987 2172 1133 2227 memoria
1149 2171 1302 2232 docendo

196 2276 198 2280 ’
225 2273 255 2319 et
274 2263 455 2320 confitendo.
477 2257 574 2318 ‘Sicut
591 2263 655 2336 ipse
675 2261 728 2318 ait:
754 2261 825 2316 Hoc
832 2258 939 2331 facite
955 2260 991 2316 in
1007 2261 1069 2316 mci
1084 2262 1302 2334 memoriam,
1320 2323 1321 2340 χ

91 2357 93 2364 ’
170 2401 173 2422 ,
223 2353 287 2410 hoc
305 2343 372 2422 est,
388 2351 590 2408 sicutPauius
608 2351 816 2424 interpretatur
833 2356 847 2406 1
862 2350 933 2408 Cor.
948 2357 1009 2408 tt:
1027 2358 1063 2407 ut
1078 2343 1321 2426 annuntiatur

225 2459 316 2501 mors
332 2437 488 2500 Domini.'
992 2463 995 2470 .

221 2617 226 2624 -
288 2578 320 2637 lt.¹
334 2580 496 2640 Neminem
512 2579 858 2650 excusatmagistratus,
875 2579 941 2638 sive
957 2583 1149 2663 quantamvis
1167 2588 1306 2641 saevum

224 2673 408 2741 mandatum,
427 2669 511 2746 quasi
522 2671 641 2726 scilicet
658 2671 826 2726 obedientia
841 2681 869 2726 et
882 2683 981 2728 metus
995 2689 1177 2752 poenaelnos
1190 2673 1307 2731 defen.

226 2765 298 2818 dere
321 2763 428 2836 possit.
461 2761 542 2818 Nam
564 2772 669 2816 contra
694 2753 825 2816 verbnm
838 2761 900 2816 Dei
917 2763 996 2818 nulia
1016 2760 1100 2819 'valet
1121 2763 1307 2823 obedientia

226 2855 279 2912 uiti
291 2863 444 2910 creaturae
456 2851 606 2938 exhibita,
624 2859 693 2906 nam
711 2861 758 2908 est
770 2861 938 2910 creaturam
949 2847 1136 2934 praeponere
1151 2859 1306 2930 creatori.

292 2994 319 3050 6.
336 2991 440 3048 Multo
462 2991 562 3048 minus
587 2989 659 3048 satis
681 3001 728 3046 est
751 2989 789 3045 ad
811 2991 965 3066 pietatem,
994 2991 1020 3048 si
1046 2992 1211 3065 quisquam
1231 2985 1309 3052 'aron

226 3097 336 3154 magno
354 3081 503 3138 desiderio
519 3089 673 3136 teneretur
687 3078 796 3149 integri
812 3081 1010 3150 sacramenti,
1027 3088 1057 3138 et
1067 3081 1158 3137 vellet
1173 3069 1309 3142 interim

227 3187 288 3230 una
305 3173 408 3246 specie
432 3183 594 3228 contentus
611 3171 724 3226 vivere·
758 3169 838 3226 Nam
856 3179 1075 3228 sacramentum
1090 3190 1157 3244 non
1179 3183 1232 3230 est
1258 3177 1311 3238 in.

227 3265 384 3332 stitutum,
402 3271 437 3319 ut
452 3278 490 3317 eo
509 3255 628 3341 utamur
643 3259 812 3321 secundnm
825 3262 926 3338 quoad
941 3278 998 3316 nos
1010 3262 1139 3317 muitum
1154 3271 1186 3340 et
1197 3264 1311 3324 nanus

162 3364 165 3378 ¹
228 3351 295 3424 hoo
310 3353 528 3411 desideramus:
539 3413 543 3426 „
554 3351 607 3406 sed
625 3349 736 3422 porrigi
760 3361 790 3404 et
809 3349 905 3424 accipi
923 3351 1013 3424 debet
1028 3355 1197 3414 secundum
1214 3373 1312 3416 man.

230 3447 331 3501 datam
348 3453 378 3522 et
394 3441 522 3499 verbum
532 3440 611 3510 Dei,
629 3439 774 3512 quianon
791 3449 837 3494 est
852 3455 951 3514 neque
968 3441 999 3496 in
1015 3452 1118 3499 nostra
1134 3453 1312 3520 potestate,

226 3552 329 3610 neque
353 3535 384 3591 in
406 3547 518 3606 opere,
541 3531 653 3600 modo,
677 3529 824 3585 desiderio
839 3520 872 3598 ⁵)
897 3547 970 3588 usus
986 3534 1163 3590 sacramenti
1181 3535 1312 3613 ipsius,

231 3628 285 3683 sed
302 3627 333 3684 in
348 3623 444 3680 verbo
462 3634 493 3678 et
508 3621 647 3677 mandato
663 3618 736 3676 Dei.

232 3795 764 3825 W

264 3894 606 3962 ‚risaasernsasteni
639 3893 893 3955 reornantur.
930 3879 1079 3955 neae
1112 3888 1137 3955 ti
1149 3901 1314 3960 emman,

230 3977 257 4051 ⁵².
273 3969 323 4034 stt,
338 3973 378 4022 att
389 3971 493 4026 tnntnti
506 3971 580 4027 tates
592 3969 639 4018 nir
651 3969 807 4026 mistrinam.
873 3975 879 4002 t
1052 3983 1054 3991 ·
