2654 4612
546 287 636 352 ιιιο.
884 377 888 386 ,
939 267 945 280 “
1067 286 1125 350 ιιι

61 397 200 498 Gratius
226 449 259 500 et
278 459 388 515 pacem
410 443 442 501 in
465 445 600 500 Christo.
634 445 747 500 Laetus
769 443 829 515 legi
851 455 917 500 tuas
941 443 1065 510 literas,
1084 444 1128 502 mi

57 536 144 604 Jona,
162 533 283 607 quibus
299 537 468 604 significas,
489 549 518 590 te
534 539 606 592 satis
622 538 710 591 finno
730 531 830 592 animo
848 553 957 592 satisne
973 535 1046 593 huic
1063 553 1126 590 non

57 623 199 694 diffidere,
229 635 262 680 et
285 637 334 680 est
348 628 435 698 plane
452 625 514 680 boe
530 625 592 682 Dei
616 627 747 694 donum,
772 628 908 682 testantis
933 642 1003 682 sese
1026 625 1127 681 adhue

54 713 211 770 vobiscum
234 731 315 770 esse.
349 715 507 770 Dissimus
530 733 611 772 nune
632 733 666 770 re
690 717 771 788 ipsa,
796 717 868 788 quid
887 715 926 770 sit
942 705 1067 788 justum
1085 729 1128 774 ex

54 806 102 860 lide
122 807 234 864 vivere
259 815 292 860 et
315 804 374 862 lide
397 807 471 862 sola.
507 806 588 862 Nam
611 808 684 878 quid
702 808 767 877 jam
789 807 938 880 reliquum
959 821 1005 862 est
1020 806 1126 876 nobis,

52 915 105 968 qno
121 895 335 952 subsistamus
360 905 389 950 et
403 896 558 965 vivamus,
581 895 638 952 nisi
663 899 747 952 uuioa
766 897 859 968 fides,
884 899 1005 971 quando
1026 899 1128 954 omnia

49 1001 144 1043 nostra
163 1004 266 1060 opera
283 996 315 1042 et
331 989 423 1042 verba
440 989 486 1043 sie
502 990 613 1042 misere
628 989 865 1058 mortificantur,
890 1000 1000 1044 utnon
1024 991 1128 1044 solum

49 1080 129 1134 tmtis
141 1077 320 1143 beneficiis,
337 1079 446 1149 quibus
458 1078 602 1132 mundum
612 1078 761 1150 juvimus,
779 1095 841 1134 non
852 1095 1025 1134 mereamur
1035 1079 1127 1136 ullam

47 1171 185 1239 gratiam,
206 1169 263 1222 sed
289 1179 318 1222 et
343 1170 440 1222 omnia
464 1170 541 1223 mala
566 1185 623 1240 pro
650 1169 792 1224 omnibus
817 1169 908 1225 bonis
933 1169 1127 1241 recipiamus.

48 1261 118 1326 Ubi,
138 1257 168 1316 'si
197 1259 343 1330 operibus
366 1260 556 1327 viveremus,
582 1259 633 1316 ubi
654 1261 719 1331 jam
744 1269 825 1315 esset
846 1260 908 1314 vita
924 1263 1050 1316 nostra?
1084 1262 1128 1316 At

46 1351 132 1406 fidem
155 1348 202 1404 illi
225 1367 292 1404 non
314 1349 361 1404 sie
385 1349 557 1422 oppriment
578 1367 679 1422 neque
704 1350 860 1419 occident,
885 1369 943 1423 qua
967 1364 1128 1424 regnante„

45 1443 100 1496 vita
117 1441 284 1506 vivemus,
308 1450 338 1494 et
352 1457 413 1494 non
431 1441 614 1506 moriemur,
637 1441 705 1512 quia
721 1441 869 1510 verbum,
886 1443 937 1496 cui
953 1443 1125 1510 eredimus,

44 1533 113 1588 vivit
136 1533 170 1586 in
188 1541 365 1599 aeternum,
390 1541 421 1586 et
444 1531 517 1586 dicit
538 1531 642 1588 nobis:
667 1533 743 1606 qu
766 1532 851 1601 vivo,
874 1541 905 1588 et
920 1549 976 1588 uos
999 1533 1126 1602 vivetis,

44 1624 112 1695 quia
127 1622 201 1676 nita
224 1621 261 1675 in
283 1621 353 1694 ipso
377 1629 441 1691 est,
467 1629 498 1676 et
521 1623 589 1678 vita
614 1630 663 1677 est
685 1623 747 1678 lux
770 1621 946 1680 Ιιοηιίιιιιηι.
980 1623 1125 1680 Arbitror

44 1731 132 1782 sane,
151 1729 280 1767 causam
295 1712 376 1767 hane
391 1713 528 1782 interim,
546 1713 617 1768 dum
634 1713 697 1770 hoe
714 1715 836 1784 scribo,
857 1717 893 1770 ad
911 1716 1038 1786 epitasin
1055 1733 1127 1790 per.

44 1804 183 1871 venisse,
204 1812 236 1856 et
247 1799 312 1856 dira
325 1803 424 1856 omnia
435 1803 580 1858 minatum
593 1819 662 1858 esse
675 1805 856 1873 Caesarem,
873 1805 919 1875 (id
934 1808 994 1875 est)
1006 1823 1125 1880 vosque

45 1910 172 1964 agonem
192 1909 317 1948 summo
333 1892 468 1963 periculo
486 1893 678 1948 sustinuisse.
711 1897 813 1965 Atque
830 1895 941 1950 utinam
958 1897 1124 1966 affuissem,

45 1999 232 2056 quamquam
251 2000 284 2036 re
301 1999 372 2036 vera
389 2000 450 2038 non
473 1982 581 2040 absim.
616 1983 704 2058 Quin
718 1983 805 2040 Satan
827 1983 891 2056 ipse
909 1985 981 2040 mstii
998 1987 1056 2040 tale
1074 1987 1126 2044 dat

44 2075 159 2130 bonum
173 2090 266 2128 mane
282 2072 458 2145 aliquoties,
474 2083 509 2128 ut
523 2073 625 2128 malim
643 2083 722 2129 totas
740 2084 847 2130 noctes
863 2078 954 2131 terre.
989 2077 1126 2141 mittan·

46 2165 117 2224 batt
131 2166 183 2228 tat
202 2167 258 2220 urit
272 2159 343 2222 ‘rint
360 2162 440 2232 prodr
458 2161 549 2230 &edre
566 2163 721 2234 autoritati
748 2182 819 2220 cum
837 2167 947 2235 sul-et,
971 2185 1034 2224 non
1054 2185 1126 2224 esse

44 2243 101 2311 nos
119 2256 178 2312 nisi
198 2271 271 2310 vasa
287 2253 400 2310 fictilia:
425 2253 471 2311 tn
487 2252 559 2321 beist
577 2259 631 2314 ulli
648 2253 730 2322 tuti!
750 2267 784 2310 ut
800 2257 934 2329 potentia
953 2259 1019 2328 ejus
1035 2260 1125 2328 glori.

47 2345 151 2400 licetur
175 2345 209 2398 in
233 2348 337 2400 nostra
362 2343 553 2399 infirmitate.⁴
574 2345 644 2417 lpse
669 2345 788 2416 eoepit,
814 2347 878 2418 ipse
898 2348 1051 2419 perficiat,
1076 2350 1127 2408 sie

46 2438 105 2492 itur
121 2438 159 2492 ad
177 2445 269 2490 astra.
302 2433 409 2490 Macte
426 2453 502 2506 puer
517 2436 643 2490 virtute!
679 2434 745 2496 biti
757 2436 850 2503 ludite
868 2435 952 2504 [onds
970 2444 1031 2519 itti
1044 2437 1142 2502 walt.

49 2529 110 2584 titt
126 2526 230 2592 sstuitl
247 2525 336 2583 mitt?
372 2525 435 2596 lpsi
451 2537 634 2596 negaverunt
648 2527 752 2582 Deum
770 2517 875 2584 contra
892 2529 1023 2600 primum
1038 2547 1124 2604 prae.-
1136 2593 1145 2608 Ι,

45 2629 183 2690 septum:
209 2615 456 2690 blasphemarunt
472 2609 583 2674 nomen
601 2617 662 2672 Dei
680 2627 785 2672 eontra
807 2621 990 2691 secundina,
1015 2639 1124 2680 coma.

46 2719 151 2780 petunt
170 2707 299 2761 verbum
321 2705 388 2777 ejus
406 2707 665 2774 commertium,
690 2709 949 2766 conculcaverunt
966 2715 1124 2770 auctorita.

48 2811 106 2852 tem
130 2807 292 2870 parentum
319 2807 348 2852 et
365 2795 591 2866 magistratuum
610 2807 715 2852 eontra
741 2809 896 2870 quartum,
924 2805 1068 2862 occidunt
1092 2817 1124 2861 et

46 2888 122 2944 bella
139 2897 252 2958 gerunt
268 2896 373 2942 contra
391 2887 538 2957 quintum.
575 2885 658 2962 Quid
676 2881 773 2942 dicam
792 2891 827 2943 de
854 2895 966 2958 sexto?
1000 2893 1037 2949 ln
1054 2912 1123 2970 sep.

47 2978 118 3032 timo
136 2989 209 3034 sunt
226 2978 326 3032 fures:
352 2977 381 3030 in
400 2972 510 3030 octavo
528 2977 746 3034 criminatores.
780 2977 822 3032 Et
838 2981 909 3051 quid
925 2999 988 3040 non
1013 2986 1124 3057 turpis.

48 3069 119 3123 sime
138 3079 232 3138 agunt
248 3077 278 3121 et
296 3067 421 3121 dicunt?
456 3066 551 3136 Super
566 3066 643 3119 liaeo
661 3083 718 3121 nos
743 3066 911 3126 haereticos
927 3073 1069 3130 ‘damnant
1084 3077 1123 3144 ,ad

49 3157 214 3226 internum,
234 3169 262 3210 et
279 3157 432 3230 postulant
448 3156 560 3209 horum
577 3157 712 3212 omnium
732 3163 960 3228 possessorium
982 3166 1123 3236 anobis,

48 3251 163 3305 scilieet
187 3260 222 3303 ut
246 3248 301 3302 ista
325 3247 425 3302 omnia
449 3247 625 3327 adoremus,
644 3247 866 3318 justificemus,
893 3253 1068 3326 laudemus,
1092 3267 1123 3312 et

48 3353 148 3394 nostra
174 3339 323 3394 contraria
349 3338 543 3406 damnemus,
567 3337 604 3391 ita
628 3347 720 3394 utne
744 3341 805 3410 pilo
824 3343 944 3412 quidem
969 3346 1008 3400 illi
1033 3348 1122 3407 nobis

49 3431 213 3498 cesserint,
230 3443 288 3484 nos
299 3429 400 3483 omnia
414 3427 458 3482 eis
471 3429 670 3483 cesserimus:
689 3427 797 3494 [edesii
811 3429 882 3495 didit
896 3432 966 3498 stine
977 3435 1122 3502 &altdeni

52 3522 98 3590 qui
110 3537 170 3575 nos
181 3521 276 3576 velint
293 3519 399 3574 talibus
413 3517 580 3590 participari
598 3505 628 3573 et
641 3517 727 3572 obrui
740 3523 888 3591 portentis
901 3524 1122 3588 horrendarum

50 3611 229 3668 caedium-in
245 3608 363 3680 infinitis
381 3607 555 3676 animabus,
574 3605 774 3680 corporibus,
792 3609 902 3679 rebus,
921 3612 1035 3670 Christi
1053 3633 1122 3674 san.

52 3701 135 3766 guine
151 3699 308 3766 redemtis,
323 3705 561 3770 perpetratarum
573 3706 603 3754 et
614 3697 891 3769 perpetrandorum.
925 3701 1017 3758 Plane
1032 3705 1121 3766 Satan

53 3788 247 3846 videturmihi
261 3787 352 3842 finem
364 3801 454 3840 suum
463 3787 584 3854 ¹videre,
603 3797 633 3841 et
644 3803 714 3857 prae
730 3788 835 3844 lurore
852 3789 1016 3848 incredibili
1028 3795 1120 3858 uobis

53 3881 178 3938 ultimam
194 3893 226 3938 et
241 3877 578 3956 perfectam-sumniam
590 3895 676 3934 suam
693 3879 723 3933 iu
741 3879 799 3936 isto
813 3881 980 3938 novissimo
998 3871 1131 3952 theatro

49 3975 235 4039 ,spectandam
250 3970 396 4048 prodere.
431 3965 511 4048 Quis
536 3967 616 4024 euim
632 3985 695 4026 uon
712 3967 840 4049 libenter
848 3971 949 4032 sitam
967 3983 1119 4053 exponam
