2640 4608
510 278 604 360 3333,
1030 279 1093 344 303

45 449 111 489 nune
126 413 226 492 331303
238 433 329 492 debet
345 445 552 506 argumentum
563 437 792 494 contrarietatis.
826 435 884 494 Sed
895 437 920 493 31
939 443 982 492 est
999 436 1095 493 ullum

44 537 250 594 argumentum,
268 527 308 582 sit
324 527 390 598 ipse
408 526 607 598 abrogationia
624 528 730 596 locus,
757 535 788 586 et
804 519 941 583 desinant
956 528 1005 583 isti
1023 545 1098 584 003.

44 615 144 670 33031333
160 617 260 686 legem
276 616 407 674 Levitici
432 633 540 688 urgere
558 620 582 685 1)
606 618 744 674 ulterius.
780 617 842 694 Qui
859 619 990 682 sentiunt
1012 635 1097 673 cere.

42 705 163 760 mortalia
181 705 402 775 trituramus,
421 706 453 762 33
471 715 599 780 prorsus
612 706 685 762 330
703 701 886 779 intelligunt,
905 707 976 780 quid
994 707 1034 764 su
1046 693 1097 764 333
1134 701 1139 708 “

43 794 175 864 3133033310
192 797 243 852 vel
261 797 473 852 ceremoniale.
510 791 727 852 ceremonialia
746 807 905 868 33333033
930 797 1098 878 0133033310τ

41 901 96 938 nem
106 884 198 940 libera
214 893 245 940 et
257 886 462 953 indifferentia,
479 905 541 942 non
558 887 685 958 amplius
699 897 858 962 praecepta
875 897 904 944 et
915 887 1095 958 necessaria,

41 975 128 1030 icor.
146 983 188 1033 1.:
212 976 278 1054 Qui
299 978 508 1034 circumcisus
532 985 596 1048 333,
620 995 686 1034 non
710 979 848 1036 adducet
868 979 1095 1052 praeputium,

41 1066 80 1120 ubi
94 1068 196 1135 docet,
214 1069 298 1139 quod
310 1085 366 1123 nec
378 1069 563 1141 praeputium
577 1086 654 1142 opus
670 1068 708 1124 sit
717 1068 849 1138 habere,
866 1070 974 1142 alioqui
985 1071 1096 1126 Judaei

40 1157 125 1212 fideles
150 1168 333 1229 cogerentur
347 1160 535 1232 praeputium
560 1175 713 1230 reparare.
749 1160 842 1230 Igitur
866 1159 1019 1230 abnegatio
1047 1172 1095 1216 033

40 1247 156 1305 liberatio
173 1251 289 1320 alege,
307 1267 370 1306 non
387 1261 487 1308 autem
503 1249 690 1323 prohibitio,
706 1263 744 1306 ut·
755 1251 784 1307 S.
796 1251 998 1326 Hieronymus
1017 1261 1095 1308 errat
1126 1295 1130 1302 .

39 1349 126 1394 003333
142 1341 360 1410 angustinum,
385 1351 420 1396 ut
443 1341 469 1398 si
497 1357 552 1398 rex
576 1341 606 1397 in
629 1342 727 1414 aliquo
751 1343 822 1399 loco
843 1342 933 1398 vellet
957 1339 995 1396 de
1012 1357 1094 1396 novo

38 1439 169 1499 33333030,
187 1430 219 1494 ²)
243 1440 349 1504 posset
367 1447 407 1486 ex
424 1431 515 1490 003313
540 1431 641 1487 033013
666 1431 781 1504 aliquot
802 1432 990 1488 ceremonias
1007 1431 1094 1488 Mosi
1134 1487 1136 1494 ,

34 1518 84 1588 jam
99 1520 254 1590 abrogatas
271 1531 302 1579 et
318 1521 428 1578 liberas
445 1523 641 1584 constituere.
658 1521 766 1578 1Τ3330
782 1539 859 1580 veru
876 1523 1004 1594 ligarent
1016 1524 1092 1578 istae
1119 1520 1121 1530 ’

37 1613 208 1686 ceremoniae
233 1630 296 1668 non
322 1612 480 1668 autoritate
504 1611 626 1682 Musis,
656 1613 709 1668 sed
739 1631 819 1670 novo
848 1613 975 1685 imperi>
1001 1615 1090 1684 regis.
1175 1655 1181 1674 3

38 1700 124 1774 Quare
148 1701 265 1758 etiamsi
288 1703 339 1758 lex
356 1703 410 1758 1333
426 1701 597 1767 Βο333303,
616 1712 698 1759 03333
715 1704 942 1773 ceremonialia,
965 1715 995 1760 et
1011 1721 1092 1762 nunc

37 1789 177 1863 abrogata,
207 1801 309 1847 tamen
332 1793 404 1848 Rex
429 1792 552 1862 Angliae
580 1808 620 1847 033
642 1791 725 1862 justa
751 1809 858 1859 causa,
888 1789 1007 1866 qualem
1027 1795 1093 1864 jam

36 1879 111 1937 habet
126 1900 198 1956 prae
215 1897 268 1951 se,
292 1893 396 1938 contra
419 1883 496 1938 istos
514 1883 719 1952 cavillatores,
742 1893 849 1956 posset
873 1901 937 1940 eam
956 1886 993 1940 de
1009 1902 1093 1943 novo

36 1983 150 2028 statuere
176 1983 207 2030 et
224 1989 287 2046 quo
310 1973 382 2028 loco
399 1973 492 2028 vellet
508 1973 665 2040 mandare,
691 1983 725 2028 ut
747 1975 840 2030 133303
862 1975 962 2030 fratris
980 1975 1093 2032 mortui

37 2061 142 2118 duceret
152 2079 295 2118 uxorem.
327 2062 417 2118 Tunc
436 2063 554 2118 13331033
567 2073 689 2132 0030303
700 2065 787 2136 plane
804 2049 931 2130 obedire
942 2065 1092 2136 subditos,
1165 2095 1169 2108 ·

36 2151 98 2208 sicut
113 2153 265 2226 quaelibet
282 2153 335 2208 alia
351 2146 404 2208 11333
420 2154 498 2224 regis
516 2151 666 2224 33330331
684 2154 731 2210 sui
749 2154 862 2225 civilis,
882 2155 975 2211 Rom.
990 2155 1089 2212 XIV.:

35 2244 125 2298 omnis
140 2245 256 2300 anima
264 2252 332 2298 003.

86 2336 125 2391 Ut
141 2336 301 2391 redeamus
323 2323 364 2390 ad¹
376 2334 474 2404 legem
493 2333 636 2403 Levitlci,
659 2333 836 2392 contrariam
860 2335 957 2408 legem
973 2335 1091 2394 Deute.
1113 2327 1137 2364 ·’

34 2425 164 2496 ronomii,
190 2435 224 2480 ut
249 2424 296 2482 isti
321 2425 435 2490 dicunt,
462 2420 682 2492 concedimus,
705 2439 774 2480 esse
799 2425 975 2480 contrarias¹
990 2427 1091 2498 leges,

36 2515 150 2570 sednon
174 2501 425 2584 13331030333133,
449 2524 484 2569 ut
505 2514 596 2567 altera
612 2529 740 2586 prorsus
763 2514 899 2572 tollatur:
924 2530 1032 2574 verum
1056 2525 1091 2572 ut
1137 2511 1142 2540 ²

35 2615 144 2678 utraque
162 2607 298 2660 salvetur
314 2613 345 2660 et
362 2614 517 2670 servetur,
534 2601 564 2670 ³)
590 2604 658 2675 quia
674 2603 729 2658 ista
747 2604 848 2674 glossa
864 2623 926 2661 non
943 2605 1097 2666 valuisset.

35 2697 97 2764 apud
118 2697 276 2764 Jrrdaeos,
301 2695 351 2768 qui
374 2705 551 2766 utramque,
570 2694 653 2748 'licet
677 2695 858 2752 contrariam
883 2696 912 2752 in
938 2697 1091 2770 speciem,

35 2793 139 2842 3030330
157 2786 352 2856 cogebantur.
374 2785 450 2848 ,1333
466 2785 565 2840 autem
583 2795 629 2839 est
645 2799 718 2840 vera
733 2785 852 2856 glossa,
866 2788 947 2858 quod
964 2789 1016 2844 lex
1029 2787 1090 2844 Le.
1185 2831 1187 2840 .

34 2875 98 2931 vitici
120 2877 256 2949 loquitur
273 2876 309 2930 de
334 2888 431 2930 arxore
449 2874 546 2930 fratris
563 2874 710 2942 viventis,
735 2885 766 2929 et
787 2876 838 2942 lex
854 2874 1089 2934 Deuteronomii

37 2965 68 3018 de
82 2985 175 3024 uxore
192 2963 291 3043 fratris
307 2966 429 3022 mortui.
464 2965 512 3021 Sic
529 2981 590 3019 non
607 2975 753 3036 puguant,
773 2945 827 3022 seii
844 2967 948 3026 ambae
967 2987 1090 3026 censer.

35 3070 141 3128 rantur,
168 3059 237 3132 quia
262 3057 315 3113 lex
333 3055 457 3112 Levitici
483 3055 659 3126 simpliciter
677 3057 714 3110 de
740 3057 841 3112 fratre.
858 3059 1009 3132 loquitur,
1035 3063 1104 3118 sed
1141 3105 1143 3112 ,
1173 3042 1177 3060 ’

33 3145 145 3205 1)03303.
160 3149 300 3222 exprimit
310 3156 482 3214 mortuum,
500 3156 533 3200 ut
544 3145 707 3216 significet,
725 3163 758 3201 se
770 3147 808 3221 de
823 3149 879 3204 alio
891 3151 979 3206 fratre
991 3135 1075 3225 loqui
1080 3177 1091 3222 ,-

34 3252 111 3306 quam
125 3239 291 3296 Leviticae.
325 3237 373 3292 Sic
387 3237 523 3293 Joannes
540 3235 673 3309 Baptista
697 3240 792 3308 arguit
806 3239 980 3308 Herodem,
1005 3243 1089 3314 quod

33 3325 118 3384 fratris
133 3329 261 3386 viventis
285 3343 415 3382 uxorem
432 3327 587 3394 habuerit,
611 3327 681 3400 quia
697 3328 850 3398 pluralitas
873 3345 1006 3387 uxorum
1026 3348 1088 3388 non

33 3417 97 3474 facit
110 3420 259 3476 Herodem
276 3417 564 3490 reprehensibilem,
589 3431 666 3488 quae
691 3428 754 3470 erat
775 3415 856 3472 licita
874 3421 1007 3487 03130310,
1033 3423 1088 3482 sed

34 3505 74 3559 sie
95 3519 205 3578 tamen,
226 3525 270 3566 30
293 3508 403 3562 viventi
426 3507 507 3562 fratri
533 3506 626 3568 frater
649 3521 781 3560 uxorem
807 3507 911 3577 specie
931 3508 1012 3578 juria
1038 3524 1089 3569 aut
1156 3517 1158 3521 ’

33 3591 167 3654 blanditiis
184 3597 389 3666 abstraheret,
408 3597 485 3651 sicut
497 3596 621 3650 domum
638 3596 755 3654 3301133
771 3612 821 3652 303
839 3596 925 3654 lacile
936 3612 1086 3674 poterant.

34 3685 101 3760 Quo
114 3691 224 3746 0001030
242 3690 273 3746 in
289 3681 387 3744 uxore
399 3687 500 3744 fratris
511 3681 645 3757 Philippi
663 3685 800 3744 Herodes
812 3687 995 3748 criminosus
1013 3699 1097 3752 erat.‘

1110 1859 1118 1896 1

78 3901 317 3966 trasamundi,
366 3899 578 3957 aurearoma.
602 3893 767 3956 eumerus
781 3894 868 3946 acient
916 3899 941 3963 03
960 3875 1086 3954 essm.

36 3972 133 4022 ruem.
