2640 4608
412 403 417 409 ἣ
507 305 599 372 asor.
1022 269 1102 367 soa
1177 290 1179 299 '

42 459 195 529 prohibetur
205 461 260 516 alia
269 443 335 534 lege
349 471 379 519 et
390 463 555 537 superiori,
572 481 610 520 ne
628 463 715 520 ducat
728 463 816 519 talem
828 477 957 518 uxorem
971 461 1083 532 fratris,

43 552 174 618 quaesibi
198 565 246 608 est
264 551 341 622 titia,
369 556 439 626 quia
462 552 552 610 filiani
570 558 681 610 ducere
704 557 756 611 lex
780 567 899 610 naturae
923 553 1083 624 prohibet,

41 639 129 695 etiamsi
151 643 203 697 lex
222 643 350 714 positiva
371 660 501 699 uxorem
523 643 622 700 fratris
641 645 749 717 mortui
767 641 882 714 jubeat.
918 645 975 698 Sed
993 659 1086 714 quor.

42 743 91 782 uun
105 733 260 787 verbosa
251 746 307 788 tsta
320 734 502 806 disputatio,
528 735 570 788 mi
588 736 716 800 Antoni,
739 735 795 790 nisi
817 735 892 788 forte
909 733 935 788 si
959 733 988 786 in
1006 733 1086 786 futu.

40 834 90 872 tunt
105 822 154 876 tibi
172 839 251 893 opus
268 825 327 877 erit
343 841 412 878 cum
429 825 574 896 impetitis
593 826 691 894 legum
709 825 880 895 disputare?

88 909 152 966 Nos
171 911 291 966 adrem
308 914 461 968 veniamus
480 923 511 968 et
527 915 679 983 dicatum,
697 916 812 970 Mosen
824 931 891 970 esse
910 889 1083 980 mortuum,

41 997 133 1056 vixisse
152 1014 254 1057 autem
269 1003 399 1059 Judaico
418 1005 547 1077 populo,
572 1021 630 1059 nec
647 955 770 1073 obligari
789 1021 845 1059 nos
864 1003 978 1072 legibus
997 999 1085 1056 illius.

40 1087 96 1144 ldso
111 1093 256 1164 quicquid
278 1109 318 1148 ex
335 1083 428 1149 Mose
453 1102 482 1152 et
506 1095 693 1166 legislatore,
720 1095 776 1150 nisi
801 1095 881 1156 idem
904 1091 1085 1161 exlegibus

39 1181 144 1257 nostris,
161 1183 192 1235 id
210 1195 274 1250 est,
291 1173 474 1240 naturaliBus
494 1193 524 1239 et
541 1184 688 1256 politicis,
714 1185 874 1258 probetur,
901 1200 962 1237 non
980 1181 1087 1236 admit-

38 1277 114 1324 tamus
128 1288 190 1326 nec
208 1274 428 1329 confundamus
445 1275 534 1328 totius
552 1275 634 1328 orbis
652 1275 787 1345 politias,
814 1260 867 1328 se'd
882 1283 1020 1343 tanquam
1032 1288 1086 1325 ve.

39 1377 126 1416 oenum
143 1363 293 1432 fugiamus
311 1366 472 1420 seditiones
489 1376 524 1420 et
538 1367 774 1436 perturbationes
792 1363 1043 1434 omniumlegum
1054 1372 1086 1419 et

37 1449 222 1510 honestatum.
257 1454 391 1514 serviant
408 1455 475 1510 illae
492 1471 563 1512 suae
579 1456 716 1528 politiae,
733 1469 790 1511 nos
803 1465 925 1510 nostros
937 1454 1086 1508 babemus

37 1539 205 1608 legislatores
231 1544 260 1599 in
287 1545 351 1600 istis
378 1547 487 1604 causis.
527 1547 620 1618 Igitur
643 1547 705 1601 hoc
732 1546 940 1617 disputandum
967 1554 1032 1613 est,
1057 1545 1094 1600 si·

36 1629 116 1704 Papae
132 1635 184 1688 vel
197 1629 333 1692 Caesaris
350 1635 466 1705 legibus
484 1631 663 1708 prohibetur
679 1634 851 1706 conjugium
869 1637 945 1690 inter
962 1636 1085 1690 fratrem

38 1731 60 1772 et
75 1739 197 1780 uxorem
215 1725 313 1780 fratris
330 1729 458 1792 mortui,
484 1743 521 1780 un
539 1735 638 1780 tamen
656 1741 713 1781 rex
730 1725 853 1794 Angliae
870 1713 1007 1779 teneatur
1023 1724 1086 1779 Re.

36 1811 117 1878 pinam
132 1804 316 1889 prohibitam
333 1815 443 1870 ducere
470 1825 498 1869 et
521 1817 678 1888 repudiare
702 1816 848 1870 ductam?
880 1815 939 1870 Hic
956 1831 1087 1885 respon·

38 1901 146 1959 dandum
164 1916 231 1970 est,
249 1905 330 1975 quod
343 1923 420 1974 nou,
439 1907 493 1960 sed
510 1916 645 1962 teneatur
662 1922 727 1960 eam
739 1905 867 1960 retinete
880 1905 936 1962 sub
948 1905 1084 1976 periculo

35 1989 121 2048 salutis
147 2004 181 2048 et
196 1995 391 2055 damnationis
417 2005 563 2052 aeternae.
597 1996 665 2050 Hoc
690 1995 734 2048 sic
758 1989 912 2066 probatur,
945 1993 1084 2050 Primum

11 2109 15 2116 ·
34 2096 83 2134 non
98 2092 235 2152 constat,
254 2100 321 2140 esse
338 2084 539 2156 prohibitum,
565 2101 665 2157 neque
677 2077 748 2156 jure
764 2086 904 2153 naturali,
925 2101 1024 2156 neque
1042 2083 1085 2138 di.

35 2172 107 2243 tino,
132 2175 190 2232 sed
206 2177 402 2246 tantumjure
419 2177 568 2263 positivo,
586 2191 717 2232 uxorem
736 2176 832 2231 fratris
850 2176 968 2232 ducere.
1002 2174 1086 2230 Nam

34 2260 125 2322 Moses
149 2266 307 2336 legislator
330 2267 418 2340 nobis
442 2277 581 2322 mortuus
606 2277 668 2334 est,
695 2275 725 2322 et
747 2267 822 2322 nibil
847 2276 904 2322 est.
936 2265 1084 2336 Legimus

35 2354 112 2424 enim,
139 2357 225 2430 quod
249 2367 317 2411 ante
339 2353 435 2428 legent¹
452 2357 553 2412 Mosis
575 2367 609 2412 et
634 2357 690 2411 sub
719 2357 842 2412 naturali
869 2357 934 2426 lege
961 2367 1084 2426 agentes

33 2444 172 2502 Abrabam
190 2458 219 2500 et
234 2447 343 2520 Nahot·
359 2447 510 2502 duxerunt
526 2447 599 2502 filias
618 2447 716 2502 fratris
735 2448 797 2516 sui,
824 2449 875 2519 qui
899 2448 1007 2516 gradus
1029 2465 1086 2520 po.

33 2543 81 2588 stea
104 2556 160 2610 per
186 2537 306 2593 Mosen
327 2525 393 2607 lege
412 2538 539 2608 positiva
555 2538 728 2610 prohibitus
744 2549 800 2594 est.
834 2535 877 2592 Et·
890 2537 992 2594 Jacob
1010 2538 1085 2596 duas

30 2640 127 2684 uxores
146 2629 250 2696 duxit,
278 2621 456 2700 quod'tdem
471 2638 578 2702 postea
594 2627 705 2683 Moses
722 2627 885 2702 prohibuit.
919 2627 1085 2701 Reliquum
1115 2653 1120 2690 ῑ

30 2727 66 2771 est
80 2715 188 2788 igitur,
206 2735 338 2792 uxorem
355 2719 454 2774 fratris
470 2718 583 2774 mortui
600 2719 711 2782 ducere
728 2717 913 2791 prohibitum
930 2733 999 2776 esse
1013 2721 1085 2790 jure

27 2806 145 2866 humano
173 2819 204 2864 et
221 2801 370 2880 positivo.
411 2809 486 2878 Sed,
512 2819 546 2865 ut
562 2809 713 2877 diximus,
742 2811 916 2880 conjugium
939 2823 984 2866 est
1004 2812 1085 2882 juris
1120 2837 1122 2844 ·

28 2898 99 2956 divini
116 2911 147 2956 et
164 2897 332 2956 naturalis.'
351 2898 411 2954 Ubi
426 2915 507 2954 nunc
523 2909 634 2970 pugnat
647 2899 699 2970 jus
717 2899 850 2957 divinum
867 2911 897 2956 et
908 2903 1084 2973 positivum,

27 2992 117 3046 cedere
130 2990 225 3048 debet
235 2991 287 3062 jas
299 2989 462 3062 positivum
474 2989 591 3058 divino,
609 3001 734 3064 propter
748 2991 829 3064 quod
841 2988 1085 3049 etiam'Christus
1115 3047 1119 3054 ,

27 3077 107 3147 legem
136 3070 255 3154 repudii
280 3080 310 3134 in
326 3078 418 3136 Mose
443 3079 582 3147 sustulit,
609 3089 643 3134 ut
666 3089 808 3140 statueret
831 3082 929 3152 legem
951 3083 1100 3155 conjugii·

26 3167 155 3228 divinam.
190 3169 371 3242 Peccaverit
388 3185 461 3239 ergo
473 3169 544 3226 Rex
555 3169 679 3240 Angliae
696 3171 835 3228 ducendo
852 3173 951 3228 fratris
969 3175 1082 3230 mortui

25 3253 163 3332 uxorem,
179 3261 357 3334 peccaverit
371 3261 400 3316 in
416 3262 515 3332 legem
531 3259 693 3316 humanam
710 3271 740 3318 et
752 3263 869 3318 civilem
882 3263 1019 3326 Caesaris
1031 3263 1083 3320 vel

22 3347 126 3423 Papae:
154 3353 265 3425 quodsi
284 3351 395 3430 Caesar
411 3353 460 3407 vel
477 3349 557 3420 Papa
573 3365 643 3406 suas
661 3351 742 3420 leges
766 3352 793 3406 ei
816 3353 981 3422 remiserit,
1007 3355 1082 3412 nihil

23 3443 134 3500 omnino
154 3439 312 3514 peccavit,
330 3434 397 3513 quia
413 3441 492 3496 idem
507 3441 613 3508 Deus,
631 3441 682 3510 qui
694 3439 838 3511 approbat
851 3441 946 3510 legem
959 3445 1082 3500 civilem

22 3531 175 3589 aCaesare
192 3533 297 3600 latam,
323 3532 467 3610 approbat
484 3531 571 3586 etiarn
589 3532 684 3600 legem
702 3529 837 3588 Caesaris
854 3547 870 3583 a
887 3531 1016 3586 Caesare
1034 3549 1081 3588 re.
1124 3583 1127 3596 ,

21 3624 136 3678 missam
147 3663 170 3696 „a
181 3624 251 3696 quia
269 3621 349 3694 dedit
367 3622 393 3676 ei
409 3629 589 3694 potestatem
606 3621 686 3689 leges
704 3617 818 3676 ferendi
843 3629 873 3675 et
894 3622 1079 3692 remittendi,
1096 3629 1108 3654 ·

22 3721 45 3766 tt
58 3725 90 3770 ut
106 3716 146 3770 ita
165 3705 279 3781 dicam,
297 3712 522 3782 clavesligandi
540 3723 570 3766 et
581 3711 716 3767 solvendi
731 3713 759 3766 in
772 3722 851 3792 terra
864 3711 919 3766 sibi
933 3711 1095 3782 subjecta..
1116 3769 1118 3776 ,

20 3801 95 3858 idem
113 3805 185 3858 dico
205 3803 242 3856 de
260 3803 362 3872 Papa,
388 3801 438 3858 ubi
455 3800 608 3872 tyrannide
626 3801 705 3872 civili
723 3811 839 3870 regiam:
866 3802 978 3856 etiamsi
995 3803 1078 3859 nullo

17 3889 75 3960 jare
85 3895 177 3964 ligat,
194 3903 292 3947 tamen
305 3891 330 3944 si
342 3892 488 3965 remittat,
504 3891 601 3946 multo
611 3889 709 3960 magis
722 3892 817 3960 valet,
836 3905 924 3962 quam
937 3869 987 3946 ubi
1000 3892 1079 3962 ligat.

19 3982 68 4042 Sed
82 3985 108 4039 si
129 3984 205 4039 Rex
224 3981 390 4056 repudiabit
408 3973 574 4052 Reginam,
599 3981 759 4054 peccabit'
751 3981 938 4051 ignavissimo
963 3985 1077 4040 scelere

90 4078 171 4156 sot
188 4071 249 4143 ιν.
430 4093 456 4170 ζ,-
660 4118 663 4128 «
831 4081 921 4141 20
