2544 4616
217 291 280 364 lua
331 301 334 308 '

249 451 276 514 ⁶.
295 453 491 517 occentet.
585 489 589 494 =
950 429 1010 518 No.
1027 434 1230 516 omnuim.

567 607 616 675 ltu
639 605 771 686 desub.
793 607 925 679 belet.
991 627 993 631 ·

464 765 498 814 lt.
510 765 618 820 educit
630 766 666 814 ute
679 767 754 819 tuate
767 767 911 835 uaccicuut
924 767 1021 817 sinite.

838 886 845 898 N

673 905 816 918 m
879 907 881 916 u

212 963 215 975 ‘
266 993 318 1044 een
336 995 472 1042 nueueus
490 1009 514 1054 p
524 999 589 1056 uun
607 1000 716 1052 saeua·
709 1011 734 1048 ιιι
753 999 887 1048 couecun
906 997 953 1046 m
974 999 1068 1046 οοιιιιιι.
1088 995 1160 1044 unu
1176 997 1258 1047 rmus

216 1067 545 1194 θευῖΐὲὓευὶὒαῑώω
554 1075 613 1124 tastu
639 1075 777 1129 liciebaitu
791 1075 850 1122 cod.
861 1073 992 1125 cherum.
1005 1074 1034 1127 i..
1050 1073 1112 1120 cod.
1122 1073 1165 1122 las.
1173 1072 1259 1123 decli.

216 1144 291 1198 maci
318 1154 363 1191 eu.

282 1274 608 1350 LeonlzordoBeier,
633 1281 771 1337 Pastori
788 1277 1051 1349 Zwickaoiensi,
1081 1277 1213 1333 salutem

664 1380 694 1427 et
707 1389 830 1446 pacem.

215 1467 280 1569 De
298 1533 389 1572 causa
412 1528 480 1586 tua,
501 1520 542 1574 mi
558 1519 757 1590 Leonharde,
779 1537 841 1577 non
859 1522 932 1578 volo
950 1522 1005 1592 jus
1021 1518 1050 1588 1)
1074 1519 1261 1591 pronuntiare,

216 1607 270 1661 sed
289 1606 330 1662 D.
348 1607 382 1674 ²)
404 1609 562 1668 Doctores
587 1613 617 1666 in
635 1613 796 1668 consilium
814 1611 965 1668 adhibere.
998 1611 1128 1668 Interim
1144 1608 1262 1672 docebis,

215 1695 296 1752 sicut
313 1709 343 1753 et
357 1711 416 1754 nos
434 1702 576 1771 fecimus,
593 1713 626 1758 ut
643 1705 834 1760 mulierculae
853 1703 995 1776 deinceps
1016 1703 1187 1759 abstineant
1201 1717 1215 1754 a
1227 1697 1269 1770 toli

214 1786 380 1861 baptismo:
403 1792 474 1862 quia
496 1795 612 1862 renasci
629 1811 691 1851 non
708 1801 826 1866 potest,
849 1796 900 1870 qui
917 1796 1054 1850 nondum
1078 1794 1120 1850 sit
1135 1782 1165 1859 13)
1186 1781 1269 1872 natus}

115 1904 119 1912 ·
216 1879 410 1936 Orationibus
423 1881 494 1936 Deo
507 1886 733 1942 commendandi
747 1898 816 1942 sunt
827 1885 1000 1958 hujusmodi
1011 1895 1131 1956 partus.
1163 1873 1269 1950 Alioqui

216 1980 362 2042 sequetur
377 1973 514 2039 tandem,
536 1984 569 2028 ut
585 1975 711 2046 periculi
728 1976 839 2031 vitandi
856 1977 963 2046 gratia,
987 1989 1099 2030 omnes
1122 1967 1269 2045 baptizandi

216 2060 277 2121 sint
295 2061 323 2114 in
342 2071 446 2129 utero,
463 2064 618 2135 superfusa
636 2081 711 2136 aqua
729 2081 820 2138 super
832 2075 967 2120 ventrem
981 2063 1192 2142 praegnantis,
1208 2073 1264 2131 quo.

174 2187 177 2196 ·
214 2151 271 2207 ties
290 2151 464 2224 periculum
475 2154 607 2209 timetur.
624 2147 658 2220 ⁶)
690 2154 746 2210 Vel
764 2155 843 2210 sicut
860 2156 1005 2227 quaedam
1017 2155 1133 2208 mulier
1149 2159 1264 2222 tempore

186 2261 188 2266 ’
215 2243 327 2314 pestis,
346 2243 416 2298 dum
434 2253 551 2316 tempus
568 2243 698 2316 puniendi
716 2245 890 2314 accederet,
907 2245 982 2300 bibit
999 2261 1114 2316 aquam
1130 2239 1263 2316 baptismi,

215 2349 249 2387 ea
273 2333 430 2404 opinione,
463 2342 495 2388 ut
525 2333 693 2410 periculum
710 2335 918 2406 praeveniret.
962 2334 1020 2388 Sed
1047 2335 1088 2388 de
1117 2342 1170 2388 tuo
1195 2345 1264 2396 casu,

215 2424 298 2494 quod
325 2441 402 2496 puer
417 2425 482 2494 jam
509 2425 625 2478 adultus
651 2426 706 2493 sit,
734 2426 886 2497 suspendo
903 2415 933 2494 ⁶)
960 2425 1161 2494 sententiam,
1188 2423 1265 2476 donec

213 2514 264 2570 tibi
289 2515 480 2570 concorditer
503 2516 750 2586 respondeamus.
794 2515 896 2590 Quare
927 2515 952 2571 si
978 2527 1125 2587 parentes
1149 2517 1268 2568 metuunt

213 2606 384 2676 periculum
406 2605 528 2674 mortis,
555 2605 695 2660 suadebis
722 2607 782 2672 eis,
806 2616 840 2660 ut
862 2606 923 2661 sint
945 2605 1028 2661 bono
1055 2608 1168 2661 animo.
1199 2603 1267 2657 Salva

215 2705 263 2750 est
286 2696 397 2764 anima,
414 2688 445 2762 ⁶)
478 2706 507 2750 et
529 2695 712 2768 baptismum
736 2712 842 2752 verum
868 2695 1031 2763 desiderat,
1067 2695 1168 2768 qualis
1190 2691 1267 2766 qualis

215 2786 302 2840 etiem
321 2786 404 2870 prior
426 2785 475 2842 ille
492 2785 598 2850 merit,
615 2777 645 2852 7)
670 2786 784 2841 etiamsi
805 2785 926 2841 anobis
942 2803 1004 2840 non
1021 2787 1193 2858 acceperit,
1214 2783 1268 2854 quia

163 2917 170 2934 .
214 2891 268 2932 sua
286 2877 372 2946 culpa
388 2893 449 2930 non
468 2886 567 2948 curet:
592 2877 653 2929 imo
672 2876 760 2930 etiam
777 2869 830 2930 sua
847 2876 905 2931 fide
923 2887 1005 2932 certe
1025 2875 1136 2932 habet.
1146 2869 1184 2943 ⁶)
1213 2865 1270 2929 Nisi

214 2967 296 3039 quod
312 2966 400 3021 nobis
418 2965 455 3022 de
473 2967 614 3024 scandalo
626 2977 679 3021 est
695 2965 945 3038 providendum
937 2984 969 3040 ¹¹².
984 2967 1046 3022 hoc
1065 2982 1161 3034 casu,
1182 2984 1215 3020 un
1229 2965 1268 3018 bt.

213 3057 318 3129 ptineri
341 3057 440 3111 liceat.
475 3057 568 3131 Quod
594 3059 647 3111 etsi
665 3052 790 3128 possem
800 3059 891 3112 solus
909 3051 1051 3126 delinire,
1081 3068 1184 3113 tannen
1200 3033 1270 3112 solusi

132 3153 134 3157 ’
213 3150 316 3206 facere
329 3147 413 3214 uolo,
431 3158 555 3218 propter
565 3147 715 3219 publicam
727 3149 923 3204 autoritatem
953 3147 1033 3203 Nam
1046 3145 1270 3204 conditionalem

212 3239 412 3310 baptismum,
431 3237 481 3310 qui
500 3237 529 3292 in
546 3239 609 3292 hoc
628 3254 700 3292 casu
718 3239 848 3307 regnavit
864 3239 920 3294 sub
936 3238 1102 3310 Paputu,
1087 3240 1270 3311 jamdudum

212 3331 394 3400 rejecimus,
414 3341 442 3384 et
458 3346 521 3384 non
537 3329 654 3384 modo
647 3346 677 3382 m
693 3329 754 3383 hoc
771 3344 861 3398 casu,
885 3331 939 3384 sed
957 3331 1045 3384 etiam
1064 3331 1095 3387 in
1115 3334 1211 3404 pueris
1225 3345 1266 3382 ex.

212 3421 362 3494 posititiis.
397 3419 495 3476 Vale
487 3438 518 3476 ut
533 3419 680 3534 Domino.
713 3418 823 3474 Dies,
840 3417 978 3487 Nicolai,
996 3419 1214 3477 MDXXXlIl
1228 3412 1252 3482 ⁹)

966 3517 1064 3584 Mart.
1082 3528 1240 3584 Lutherus.

172 3809 174 3813 ,
262 3779 575 3846 l)codd.G.nolosolus.
623 3783 647 3832 2)
659 3771 690 3828 ’0.
702 3784 729 3828 G.
744 3781 812 3830 duos.
861 3783 885 3833 3)
901 3779 975 3829 cond.
986 3785 1012 3829 G.
1027 3775 1074 3830 esi.
1129 3781 1261 3836 meddin

209 3855 331 3900 lenietur.
381 3857 404 3904 5)
420 3855 484 3900 (λθ.
500 3857 628 3912 suspende.
678 3856 766 3908 dlcod
799 3859 826 3903 G.
841 3855 1184 3915 Quaresalvacstauima,si
1194 3854 1262 3904 crelin

210 3929 235 3980 7)
253 3927 327 3974 codd.
339 3929 368 3989 (ἃ.
385 3926 462 3986 qualis
481 3928 554 3972 eliam
572 3928 648 3974 suerit
665 3929 734 3986 prior
753 3930 759 3940 '
796 3963 803 3978 .
852 3935 875 3982 8)
895 3930 970 3978 codd.
985 3932 1013 3978 G.
1031 3930 1084 3977 imo
1104 3933 1150 3978 alta
1167 3932 1211 3977 lide
1222 3931 1262 3983 jau

212 4001 376 4048 cerlobabel.
426 4004 448 4058 i)
464 4001 523 4047 cod.
534 4005 580 4050 185.
595 4004 652 4052 1533.
859 4012 861 4016 ’
