2654 4612
470 354 475 364 .
528 295 620 370 15³⁰.
1047 291 1108 418 {⁴9

61 406 194 512 Gratiam
211 465 241 514 et
255 471 362 529 pacem
380 457 409 514 in
427 457 548 515 christo
562 459 641 515 Jesn
655 457 794 519 Domino
811 465 935 514 nostro,
948 453 1052 512 -Redit
1073 453 1110 508 ad

60 555 97 614 te,
109 543 350 618 op‘timeBrenti,
363 552 461 604 Amos
471 559 540 604 tuus
550 588 560 616 ‚
577 566 668 624 quem
679 549 715 604 ad
727 543 776 604 mc
783 547 961 620 jamdudum
972 548 1110 601 miseras.

59 635 117 690 Non
128 649 175 694 est
185 655 254 694 mea
266 640 369 709 culpa,
387 641 470 711 quod
485 641 599 696 tardius
616 640 713 696 eduus
731 649 795 710 est,
813 639 866 695 ned
881 639 1019 694 voluntus
1030 637 1110 708 ejus,

6 719 7 722 ’
59 727 96 779 cui
110 727 237 783 donasti.
272 727 342 804 Qua
364 731 479 785 ratione
500 729 531 786 is'
549 739 651 786 motus
674 729 732 798 sit,
754 731 902 786 incertum
924 737 981 783 est.
1016 725 1110 802 Quod

57 832 117 870 vern
132 827 166 871 ιιι
181 821 241 890 pro
257 816 426 874 humilitate
442 817 640 892 spiritus-tui,
657 829 756 874 toturn
766 819 849 874 hrum
860 817 1111 874 commentarium

57 921 112 962 meo
124 907 244 976 jndicio
260 909 405 980 subjicis,
422 920 456 964 ut
472 902 601 978 mutem,
627 911 751 978 addam,
775 909 948 977 detraham,
973 924 1049 978 quae
1066 907 1112 961 vi.

55 996 149 1054 dentur
161 999 259 1066 milti,
276 999 353 1055 absit
365 1016 462 1066 ame,
479 1000 667 1055 ntinhocte
682 1001 807 1069 audiam.
842 999 920 1054 Cum
937 999 1016 1054 enim
1034 1000 1111 1053 iuter

55 1089 187 1156 profanos
205 1089 346 1146 odiosum
362 1090 417 1158 sit,
433 1089 464 1144 in
480 1091 577 1145 alieno
597 1089 674 1144 libro
690 1089 877 1164 ingeniosum
901 1105 988 1157 esse,
1013 1087 1109 1142 multo

54 1179 133 1248 nugis
151 1181 233 1235 inter
250 1181 430 1238 christianos
448 1181 634 1236 intolerabile
651 1191 715 1248 est,
732 1180 789 1236 sibi
801 1179 1004 1250 magisterium
1019 1195 1112 1250 super

54 1269 179 1337 ejusdem
196 1271 325 1342 Spiritus
338 1271 508 1348 ¹discipulos
525 1287 675 1342 arrogare,
708 1269 785 1327 Satis
807 1281 855 1326 est
878 1270 1009 1344 probare
1025 1269 1112 1342 spiri.

54 1371 109 1428 tus,
132 1377 170 1415 an
189 1377 233 1418 cx
248 1361 321 1417 Deo
339 1361 414 1418 sinte
437 1363 489 1418 nbi
505 1362 624 1436 probati
639 1361 766 1431 luerint,
789 1373 855 1418 tum
876 1377 952 1418 mcx
973 1359 1111 1416 venerari

54 1461 77 1506 et
91 1453 224 1508 osculari
240 1469 277 1505 ac
291 1453 390 1524 posito
411 1443 574 1524 magisterii
588 1449 778 1526 'super-cilio,
802 1453 986 1526 discipulum
1009 1452 1113 1525 potius

54 1539 116 1599 lieri.
149 1542 267 1614 Neque
281 1541 366 1598 enim
383 1553 486 1614 potest
503 1543 584 1612 lieri,
608 1544 681 1615 quin
701 1541 754 1596 ubi
776 1542 905 1616 Spiritus
924 1543 1049 1598 Sanctus
1066 1543 1113 1597 lo.

52 1631 156 1700 quitur,
182 1631 255 1688 talia
276 1631 438 1704 loquatur,
463 1649 541 1704 quae
563 1647 687 1688 οιιιιιιιιι
711 1631 868 1688 hominem
890 1632 1062 1688 venientem
1080 1633 1111 1686 in

52 1719 124 1776 huuc
139 1723 291 1778 mundum
307 1723 366 1780 sibi
383 1723 544 1795 subjiciant
560 1733 590 1778 et
607 1723 785 1796 discipulum
802 1723 929 1792 facient,
947 1723 976 1778 si
990 1721 1111 1796 quide'm

52 1815 203 1884 sapientiae
223 1815 290 1884 ejus
308 1831 369 1870 non
386 1823 434 1870 est
450 1831 606 1870 uumerus.

105 1903 174 1974 Ego
191 1921 271 1960 vero
287 1913 408 1976 praeter
424 1905 485 1960 hoc
503 1905 642 1976 generale
659 1905 831 1962 encomium
843 1902 986 1977 Spiritus,
1003 1904 1041 1958 de
1052 1903 1112 1959 tuis

50 1995 158 2066 scriptis
175 1995 225 2050 sic
243 1995 361 2064 sentio,
377 2004 412 2050 ut
426 1995 500 2050 mihi
517 1994 713 2052 vehementer
728 1995 871 2050 sordeant
888 2011 973 2063 rnen,
988 1993 1112 2052 ubituis

51 2084 142 2156 tuique
153 2086 301 2142 similium
310 2085 429 2156 scriptis
442 2096 664 2158 comparantur.
689 2085 763 2141 Non
771 2084 894 2155 adulor,
909 2085 1112 2158 nsqueflugo,

51 2176 96 2229 sed
117 2191 223 2248 neque
245 2177 319 2232 ludo
341 2193 441 2248 neque
464 2177 561 2232 fallor.
595 2176 669 2249 Non
692 2175 870 2246 Βιειιιίιιιιι,
895 2177 948 2232 scd
971 2177 1113 2248 Spiritum

52 2265 208 2335 praedico,
226 2266 328 2338 quiin
345 2276 376 2320 te
393 2267 532 2333 suavior,
542 2261 693 2339 'placidior
709 2275 740 2322 et
756 2265 888 2340 quietior
902 2275 959 2322 est.
991 2265 1113 2323 Deinde

52 2371 142 2414 sermo
160 2357 285 2412 dicendi
302 2357 416 2412 artibus
440 2357 605 2414 instructus
629 2357 751 2430 purius,
774 2358 970 2426 luculentius,
993 2357 1113 2414 nitidius

50 2445 119 2518 fluit,
141 2450 248 2520 itaque
267 2447 360 2516 magis
377 2447 466 2518 afficit
483 2458 513 2502 et
530 2447 670 2504 delectat.
704 2447 798 2503 Meus
815 2465 890 2504 vero
908 2436 1114 2522 praeterquam

49 2541 120 2610 quod
136 2539 258 2595 artibus
275 2538 394 2594 dicendi
415 2539 618 2611 imperitus·rt
634 2538 784 2609 incultus,
800 2537 876 2598 nillil
891 2537 950 2596 uisi
959 2535 1076 2612 sylvam
1087 2553 1117 2598 et

6 2691 8 2700 Ι
50 2628 133 2685 chaos
150 2627 324 2686 verborum
340 2631 470 2696 evomit,
493 2641 558 2686 tum
574 2630 663 2684 ctiam
680 2646 719 2684 eo
737 2630 800 2685 fato
819 2629 931 2700 agitur,
956 2639 990 2686 ut
1012 2631 1114 2685 turbu.

48 2717 135 2778 lentus
154 2734 188 2778 et
207 2705 396 2792 impetuosus
413 2721 495 2790 velut
511 2723 642 2778 luctator
655 2736 728 2776 cum
743 2721 888 2779 monstris
901 2721 1019 2776 inlicitis
1033 2737 1115 2778 sem.

48 2829 96 2880 per
109 2813 260 2884 congredi
277 2817 421 2882 cogatur·
447 2813 551 2884 ltaque
567 2813 593 2868 si
609 2812 679 2867 licet
689 2811 788 2884 parvis
800 2825 984 2884 componere
994 2826 1112 2882 magna,

51 2901 115 2956 mihi
132 2903 170 2959 de
189 2901 380 2976 quadruplici
397 2891 507 2975 Spiritu
522 2901 607 2965 Elias
623 2897 649 2958 4.
671 2901 747 2972 Reg.
765 2907 807 2962 19.
825 2913 934 2960 ventus
957 2911 1059 2959 motus
1082 2913 1113 2958 et
1170 2961 1173 2970 ,

50 2991 133 3060 ignis,
160 2994 213 3066 qui
234 3003 355 3047 montes
372 2990 537 3057 subvertit,
562 3001 592 3047 et
609 3000 709 3063 petras
726 2991 874 3060 conterit,
891 2991 917 3058 ¹)
942 2993 997 3048 tibi
1013 3001 1113 3048 nutem

50 3091 74 3136 et
86 3085 128 3138 tui
147 3068 303 3154 similibus
320 3081 426 3140 sibilus
444 3081 493 3138 ille
510 3081 636 3137 blandus
649 3097 737 3137 aurae
749 3081 866 3152 tenuis,
884 3083 934 3155 qui
946 3076 1110 3154 refrigerat,

49 3177 182 3246 contigit:
209 3175 252 3230 ita
270 3173 317 3242 lit,
340 3185 375 3228 ut
392 3175 479 3228 etiarn
496 3173 568 3228 turni
587 3173 664 3246 ipsi,
688 3173 800 3249 nedum
822 3175 887 3230 aliis
907 3177 1036 3247 gratiora
1053 3177 1114 3232 sint

49 3267 152 3339 scripta
170 3276 202 3321 et
217 3264 313 3320 verba
331 3274 442 3320 vestra.
477 3264 568 3318 Solor
581 3275 681 3318 tamen
703 3265 888 3336 meipsum,
912 3267 995 3337 quod
1012 3267 1112 3320 existi.

48 3371 136 3426 mem,
162 3357 228 3412 imo
247 3355 356 3420 sciam,
382 3353 504 3410 Patrem
522 3355 604 3408 illum
623 3353 748 3412 familias
766 3355 948 3424 coelestem,
974 3373 1029 3428 pro
1048 3373 1111 3412 mn.

50 3445 195 3512 gnitudine
213 3461 288 3500 suae
306 3444 433 3512 domus,
451 3444 539 3498 etism
557 3459 636 3514 opus
653 3442 766 3498 habere
783 3461 845 3500 uno
862 3455 893 3501 et
910 3447 1003 3502 altero
1019 3464 1108 3505 servo
1196 3501 1199 3506 .

51 3533 116 3590 duro
133 3545 243 3592 contra
261 3533 372 3602 duros,
389 3543 417 3587 et
420 3549 543 3619 aspero
561 3545 669 3588 contra
685 3549 826 3605 asperos,
849 3535 942 3590 veluti
959 3537 1037 3591 malo
1054 3555 1108 3592 cu.

50 3641 99 3679 neo
123 3626 154 3680 in
182 3625 280 3678 malos
302 3623 413 3680 nodos.
445 3621 488 3678 Ει
511 3623 626 3677 tonanti
644 3623 712 3678 Deo
738 3639 815 3696 opus
837 3633 885 3678 est
907 3639 969 3678 non
994 3635 1108 3680 tantum

51 3713 139 3782 pluvia
156 3714 315 3784 irrigante,
330 3713 384 3766 sed
402 3712 490 3788 etiam
505 3711 618 3766 tonitru
634 3713 826 3786 concutiente
843 3723 873 3766 et
890 3711 1003 3782 fulgure
1021 3728 1107 3774 auras

51 3815 201 3874 purgante,
218 3819 281 3876 quo
299 3802 416 3858 reticius
434 3811 465 3856 et
481 3802 637 3874 copiosius
652 3811 732 3858 terra
748 3802 921 3860 fructificet.
944 3853 947 3856 ,

95 4005 113 4054 u
132 3999 223 4046 lludd,
238 3997 323 4046 coel.
338 4007 430 4054 poenas
443 3995 575 4045 convertit
