2654 4612
648 338 651 342 -
674 371 676 375 y
716 295 811 366 1530.

229 453 465 511 ecclesiasticam
482 462 512 511 et
522 457 694 532 politicam,
710 476 785 530 quae
797 459 873 516 mire
886 456 1022 516 confudit
1038 464 1068 514 et
1078 455 1197 512 miscuit
1207 453 1301 512 Satan

145 613 147 622 y
227 559 286 615 per
303 544 465 618 Papstum:
486 549 576 604 nobis
593 549 644 604 hic
667 532 973 622 acritervipilandum
997 560 1059 617 est,
1083 565 1147 602 nec·
1157 549 1302 626 commit.

222 633 370 704 tendum,
389 645 423 692 ut
440 637 538 692 denuo
556 640 791 708 confundantur,
809 621 866 694 nec
884 639 936 694 ulli
951 640 1139 705 cedendum,
1157 646 1206 690 aut
1223 653 1302 690 con.

228 725 435 793 sentiendum,
452 737 485 782 ut
496 727 670 784 confundat.
683 729 709 796 ¹)
738 725 806 784 Hoc
821 729 899 784 enim
913 739 993 784 esset
1007 727 1122 782 furibus
1137 735 1164 781 et
1177 727 1302 801 latroni.

228 810 286 868 bus
304 803 496 888 participare,
523 819 590 890 quia
608 820 706 874 divina
725 831 772 876 est
789 819 931 876 autoritas
947 817 1040 884 ltere,
1054 815 1082 882 2)
1112 833 1187 888 quae
1211 835 1301 886 prae.

229 903 321 975 cipit,
340 922 389 962 eas
407 907 540 966 diversas
557 919 587 965 et
603 911 808 982 impermixtae
825 911 954 979 servari,
976 910 1095 966 dicens:
1118 915 1302 964 vosautem

230 1009 298 1050 non
314 995 370 1052 sic.
435 1013 436 1020 ¹

295 1109 452 1183 Secundo,
470 1131 511 1172 ex
527 1113 589 1172 hoc
607 1117 760 1188 sequitur,
783 1117 863 1192 quod
882 1117 986 1173 eedem
1003 1131 1129 1189 persona
1145 1133 1207 1170 non
1226 1108 1317 1184 poe]

229 1189 267 1257 sit
283 1217 352 1258 esse
369 1203 543 1277 Episcopus
562 1215 592 1262 et
604 1203 769 1279 Princeps,
785 1208 948 1286 nec'simul
964 1219 1067 1281 pastor
1084 1217 1113 1260 et
1130 1207 1317 1278 paterium-1

227 1291 294 1349 lias.
327 1293 469 1366 intelligis
483 1296 532 1351 hic
551 1299 622 1353 satis
640 1298 709 1369 quid
725 1295 757 1362 3)
777 1299 875 1354 velim
909 1299 1058 1356 Personas
1078 1289 1317 1369 impermixtae}

227 1384 307 1454 sicut
330 1395 361 1440 et
377 1386 656 1442 administrationes·
669 1390 761 1458 volo,
785 1389 901 1446 etiamsi
927 1390 1006 1446 idem
1025 1388 1119 1443 homo
1138 1397 1300 1459 utramque

225 1491 389 1552 personam
406 1494 511 1546 gerere
530 1479 641 1548 possit,
659 1491 690 1534 et
707 1481 785 1536 idem
801 1481 989 1552 Pomeranus
1007 1480 1105 1552 possit
1122 1495 1191 1534 esse
1208 1495 1300 1550 paro.

226 1565 305 1622 chus
322 1575 352 1622 et
363 1583 563 1624 oeconomus.
596 1569 679 1624 Nolo
695 1571 774 1624 enim
786 1571 949 1643 episcopos
962 1569 1082 1646 turbare
1091 1611 1100 1638 ,
1119 1570 1142 1624 si
1159 1569 1209 1640 qui
1221 1559 1299 1625 ¹boni

225 1652 374 1711 intereos
393 1666 475 1714 sunt.
510 1658 561 1712 Sic
575 1658 729 1715 Conradus
748 1677 764 1714 a
781 1659 935 1731 Tlrungen
952 1661 1031 1716 idem
1048 1661 1141 1714 homo
1160 1669 1207 1714 est
1219 1661 1300 1716 Dux

225 1743 368 1820 Franciue
381 1757 411 1802 et
420 1747 595 1826 Episcopus
607 1749 846 1822 llerbipolensis,
866 1767 936 1806 cum
951 1761 1050 1806 temen
1063 1749 1139 1806 Dux
1152 1750 1298 1806 Franciae

224 1851 288 1926 non
309 1823 409 1910 possit
433 1849 501 1894 esse
523 1837 696 1910 Episcopus
718 1843 956 1914 Herbipolensis.
991 1817 1299 1910 Haecisicyerbose

207 1943 332 2000 ‚coram
355 1939 400 1998 te,
426 1930 494 2002 quia
511 1931 590 1985 nosti
612 1931 739 1986 verbum
758 1943 896 1987 nostrum
918 1932 1110 2004 potissimum
1133 1931 1220 1987 etiam
1238 1933 1298 1988 hes

225 2017 387 2074 efficientes
413 2036 518 2076 causas
545 2020 738 2076 traditionum
762 2033 926 2089 tractasse,
949 2037 1011 2078 nou
1038 2031 1153 2078 tantum
1175 2019 1298 2091 finales,

225 2122 302 2182 quas
319 2120 352 2166 tu
368 2111 543 2168 numerasti.
566 2103 597 2179 ἰ1)
717 2099 721 2122 ⁷

283 2223 419 2306 ¹Tertio,
445 2209 639 2299 Episcopus,
665 2238 699 2284 ut
715 2199 903 2301 Episcopus,
932 2197 1150 2285 nullemhnbet
1166 2235 1300 2297 potesta.

225 2320 287 2368 tem
311 2330 404 2386 super
425 2315 595 2371 Ecclesiam
620 2333 704 2372 suam
733 2319 822 2374 ullius
837 2319 1007 2378 ,traditionis
1034 2333 1082 2386 aut
1106 2317 1318 2394 ceremoniae3

225 2404 440 2476 imponendae,
466 2405 523 2460 nisi
542 2423 694 2463 consensu
709 2407 872 2464 Ecclesiae
880 2410 940 2464 «vel
963 2393 1109 2480 expresso
1128 2409 1174 2462 vel
1191 2409 1298 2464 tacito.

226 2493 305 2569 Quin
322 2493 461 2552 Ecclesia
482 2505 528 2550 est
548 2497 641 2551 libere
665 2508 705 2565 et,
720 2497 859 2566 domina,
884 2509 913 2553 et
931 2497 1075 2572 Episcopi
1099 2513 1166 2553 non'
1186 2499 1298 2554 debent

222 2582 370 2638 dominari
383 2585 449 2640 lidei
462 2583 689 2652 Ecclesiarum,
705 2604 763 2642 nec
781 2587 886 2642 invitas
902 2603 1027 2644 onerare
1046 2597 1097 2642 aut
1112 2588 1297 2660 opprimere.
1317 2617 1318 2634 ÷

224 2671 300 2730 Sunt
316 2675 395 2730 enim
407 2675 533 2730 ministri
550 2684 581 2730 et
597 2677 758 2732 oeconomi
776 2687 909 2747 tantum,
926 2697 988 2736 non
1000 2679 1156 2748 Ecclesiae
1169 2680 1296 2735 domini.
1317 2715 1318 2720 κ

224 2764 254 2820 si
278 2773 376 2820 autem
400 2765 541 2822 Ecclesia
567 2769 772 2836 consenserit,
799 2786 856 2824 ceu
878 2787 970 2824 unum
994 2785 1107 2841 corpus
1133 2785 1202 2824 cum
1219 2769 1297 2840 Epi.

225 2872 342 2928 scopo,
368 2863 496 2928 possunt
520 2873 612 2926 super
636 2875 669 2912 se
697 2859 870 2930 imponere,
898 2859 1040 2931 quicquid
1066 2861 1190 2928 volent,
1210 2860 1297 2916 salva

223 2947 348 3016 pietate,
367 2962 472 3004 rursus
485 2948 573 3003 etiam
585 2965 640 3019 pro
659 2948 778 3006 arbitrio
795 2951 944 3014 omittere.
980 2951 1009 3006 Si
1024 2953 1099 3006 hanc
1112 2960 1296 3023 potestatem

222 3035 370 3110 Episcopi
393 3055 454 3092 non
478 3049 644 3111 quaerunt,
668 3039 774 3094 volunt
798 3041 960 3109 dominari,
986 3051 1016 3096 et
1039 3041 1068 3096 in
1093 3059 1148 3096 suo
1171 3042 1295 3098 arbitrio

225 3127 293 3184 solo
311 3128 410 3182 omnia
428 3120 607 3195 retinerel)
641 3129 708 3184 Hoc
726 3129 815 3184 nobis
833 3149 894 3210 non
913 3143 957 3185 est
973 3133 1213 3200 concedendum,
1232 3152 1294 3189 nec

223 3217 286 3273 ullo
298 3218 390 3276 modo
402 3217 637 3291 participandum
649 3219 723 3274 huie
741 3219 885 3293 iniquitati
903 3230 933 3277 et
950 3221 1074 3292 injuriae
1094 3238 1147 3278 seu
1164 3241 1296 3296 oppres.

224 3309 319 3366 sionis
335 3309 493 3364 Ecclesiae
513 3321 541 3364 et
558 3311 700 3364 veritatis.
788 3367 790 3375 ⁴
930 3305 932 3312 ’

292 3425 427 3500 Quarto,
444 3425 617 3497 Episcopus
634 3437 668 3479 ut
684 3419 831 3498 Princeps
848 3429 943 3482 multo
961 3429 1059 3484 minus
1076 3439 1175 3504 potest
1195 3445 1292 3500 super

187 3501 189 3509 s
224 3515 397 3574 Ecclesium
424 3516 579 3587 imponere
597 3518 777 3588 quidquam,
806 3517 953 3589 quiahoc
977 3531 1059 3575 esset
1078 3537 1198 3592 prorsus
1217 3538 1294 3575 con.

223 3607 348 3682 fundere
364 3605 420 3662 has
440 3607 512 3660 dues
530 3617 712 3676 potestates,
738 3607 765 3660 et
782 3615 847 3664 tum
863 3621 1036 3664 vereesset
1056 3610 1294 3681 allotrioepisco.

223 3713 301 3771 pus,
328 3707 359 3753 et
380 3713 437 3752 uos
464 3697 489 3754 si
514 3697 736 3751 admitteremus
762 3713 850 3764 eum,
875 3715 1013 3756 essemus
1038 3701 1115 3772 paris
1142 3693 1291 3771 sacrilegii

259 3931 293 3981 ‘tt
309 3929 390 3975 coel.
407 3939 490 3974 -1nec
504 3929 548 3974 ulli
563 3933 629 3977 etc.v
659 3933 683 3980 2)
699 3931 779 3979 coel.
793 3933 890 3981 Aurll.
907 3933 947 3982 hic
959 3945 981 3982 a.
1031 3937 1056 3988 3)
1072 3936 1102 3982 A.
1118 3933 1198 3982 coel.
1213 3935 1292 3991 quoti·

153 4045 154 4052 ,
189 4057 198 4067 .
222 4005 246 4057 l)
265 4001 348 4050 Coei.
365 4015 437 4050 enum
451 4003 534 4051 erasti.
583 4005 607 4056 5)
627 4005 709 4053 coel.
722 4006 820 4058 hebere.

606 4137 610 4162 l
657 4149 660 4156 .

598 4282 608 4313 l
