2652 4608
528 282 620 356 153OE
1046 283 1106 352 lat
1129 333 1134 344 .

56 395 189 500 Graan
205 452 237 500 et
253 444 407 518 „neema
423 442 557 502 canen.
591 443 744 520 Quamvu'
758 457 870 502 nomen
885 441 989 502 anm
1005 441 1045 502 aa
1066 441 1112 500 tn

56 534 159 600 ιήειιῐιι,Ι
178 533 256 594 adeo
272 545 307 590 ut
321 533 422 590 vereri
439 551 547 605 cogar,
568 551 606 591 ne
624 535 779 592 satistuto
796 533 977 608 recipiantur
993 537 1020 599 ι)
1044 551 1060 588 a
1079 541 1111 590 te

55 634 79 680 et
91 625 243 695 legantur,
262 626 377 700 optime
395 625 569 700 Ludovice,
586 640 660 699 quas
676 625 764 682 mitto
781 623 898 684 literas:
919 625 993 680 vicit
1009 633 1111 680 tameo

52 714 121 768 hane
136 701 331 770 formidinem
341 731 434 770 amor
449 715 600 784 musicae,
625 731 684 787 qua
700 723 732 772 te
746 714 835 770 video
852 725 990 771 ornatum
1010 724 1040 770 et
1056 714 1112 769 do.

52 815 143 860 nanim
165 821 182 859 a
204 803 279 860 Deo
301 819 383 861 meo.
425 803 486 881 Qui
512 822 598 860 amor
618 821 705 878 spem
722 821 844 878 quoque
869 805 958 873 facit,
989 805 1055 861 tore
1077 813 1113 862 ut

52 897 115 951 nihil
133 895 259 970 periculi
276 899 337 952 sint
352 897 405 952 tibi
421 898 560 954 allaturae
577 897 681 954 literae
697 913 798 953 meaos
824 898 892 970 quis
912 897 992 952 enim
1008 897 1058 952 vel
1081 897 1112 953 in

52 987 156 1044 Tutela
167 987 337 1061 vituperet,
356 990 382 1044 si
399 997 477 1042 amet
494 1000 588 1044 artem
605 998 635 1052 et
646 979 747 1044 laudet
761 987 928 1054 artificem?
960 986 1028 1059 Ego
1040 1002 1111 1042 sane

52 1079 126 1151 heus
151 1089 226 1135 tuos
240 1079 350 1136 Duces
373 1081 533 1151 Bavariae,
546 1089 591 1137 ut
612 1081 744 1138 maxime
765 1079 841 1146 mihi
864 1095 969 1152 parum
991 1077 1110 1150 propitii

52 1169 122 1240 sint,
136 1169 339 1228 vehementer
354 1183 454 1230 tamen
469 1173 558 1228 laudo
576 1181 605 1230 et
616 1173 687 1230 eolo
704 1189 775 1246 praa
793 1171 937 1237 caeteris,
954 1168 1036 1242 quod
1047 1185 1112 1222 mu.

51 1260 138 1316 sione
161 1263 202 1318 ita
227 1263 334 1318 fovent
355 1272 386 1317 et
401 1262 434 1331 2)
453 1261 615 1320 horrorem.
653 1263 764 1336 Neque
788 1263 911 1318 dubium
933 1270 997 1328 est,
1021 1259 1113 1314 multa

50 1353 153 1407 semina
169 1353 324 1408 bonamm
340 1353 483 1410 virtutum
502 1355 532 1409 in
547 1355 596 1412 his
614 1353 723 1433 animis
737 1359 824 1424 ease,
849 1353 900 1426 qui
913 1351 1034 1418 ⁴musica
1054 1347 1114 1412 affi-

51 1443 178 1512 ciuntur:
197 1433 343 1515 quivero
360 1461 422 1500 non
439 1445 619 1514 afficiuntur,
643 1445 757 1502 truncia
775 1453 804 1500 et
820 1443 966 1517 lapidibus
987 1441 1114 1502 arbitror

50 1534 213 1592 simillimos
232 1549 315 1590 esse.
348 1523 464 1591 scimus
488 1536 570 1592 enirh
586 1536 722 1591 musicen
738 1533 936 1591 daemonibus
960 1533 1046 1589 etiam
1069 1533 1114 1590 in.

49 1624 187 1708 visampet
204 1623 423 1680 intolerabilem
440 1641 520 1684 esse.
553 1623 595 1682 Et
612 1626 699 1696 plane
711 1625 836 1696 judico,
853 1640 911 1679 nee
922 1623 1017 1698 pudet
1032 1637 1115 1680 asse.

49 1731 125 1786 tere,
142 1727 218 1790 post
234 1714 417 1788 'theologiam
435 1716 635 1782 easenullam'
646 1726 759 1784 artem,
778 1731 855 1788 quae
867 1716 1000 1770 musicae
1018 1713 1117 1788 possit

50 1807 182 1878 aequari,
200 1823 281 1880 oum!
290 1806 353 1878 ipsa
370 1806 435 1863 sola
446 1819 517 1878 post
533 1806 716 1879 theologiam
732 1806 763 1862 id
776 1815 924 1882 praestet,
942 1807 1024 1880 quod
1042 1805 1115 1862 alio.

50 1897 96 1966 qui
107 1899 174 1954 sola
185 1896 340 1981 theologia
352 1901 497 1968 praestat,
515 1897 635 1953 scilieet
647 1897 779 1975 qpietem
797 1905 828 1953 et
844 1898 976 1952 animum
991 1890 1114 1964 laelum,

48 1988 206 2044 manifesto
228 1993 423 2058 argumento,
453 1987 535 2060 quod
559 1986 730 2056 Diabolus,
762 2001 902 2054 aurariam
926 1985 1057 2042 tristium
1084 1993 1115 2040 et

49 2077 202 2133 turbarum
218 2073 420 2150 inquietatum
437 2089 539 2146 autor,
557 2077 593 2132 ad
605 2077 858 2134 vooemmusicae
869 2093 964 2149 paene
981 2075 1117 2132 similiter

48 2166 154 2237 hrgiat,
172 2167 254 2222 siout
269 2167 399 2246 fogitlad
415 2167 542 2224 verbum
558 2167 740 2238 theologiae.
774 2168 851 2226 Hine
867 2169 981 2224 tactum
998 2173 1059 2235 ost,
1081 2175 1117 2223 ut
1221 2235 1226 2242 Ι
1320 2211 1321 2220 ,

47 2259 211 2332 prophetae
222 2256 309 2313 nulla
326 2259 373 2315 sie
395 2269 457 2314 arte
476 2258 536 2314 sint
555 2256 603 2315 usi
626 2263 660 2314 ut
676 2255 810 2328 musica,
836 2259 908 2314 dum
925 2273 1012 2314 suam
1028 2257 1116 2319 theo*

49 2349 150 2420 logiam
163 2343 229 2406 non'
246 2350 278 2406 in
287 2349 508 2426 geometriam‚,'
519 2365 581 2406 uon
597 2349 627 2406 in
641 2348 880 2415 arithmeticam,
898 2365 960 2426 non
977 2345 1116 2405 inostro.

48 2443 195 2511 notulam
220 2441 275 2497 sed
293 2441 323 2496 ln
340 2442 486 2496 musicam
503 2439 706 2511 digesserunt,
729 2449 762 2498 ut
778 2439 959 2510 theologiam
978 2448 1007 2496 et
1022 2439 1116 2496 musi.

49 2548 110 2587 carn
131 2527 283 2590 haberent
304 2513 767 2602 eoirjunotissimaa,'veritatem
790 2523 916 2605 psalmis
938 2539 968 2586 et
990 2531 1114 2588 canticis

48 2623 193 2680 dieentes.
226 2625 287 2680 Sed
309 2620 380 2696 q'uid
404 2640 461 2694 ego
477 2621 617 2698 musicen
634 2637 715 2678 nttno
732 2621 838 2688 laudo,
861 2623 891 2678 ln
914 2617 975 2676 tam
991 2609 1114 2692 angusta

49 2713 182 2771 chartula
199 2724 309 2771 tantam
323 2729 388 2770 rem
400 2714 539 2786 pingere,
556 2713 611 2768 vel
622 2714 723 2785 potius
741 2712 863 2770 foedare
878 2705 1024 2770 conatus?
1057 2711 1114 2767 Sed

47 2802 174 2860 abundat
191 2814 222 2860 et
239 2803 343 2860 ebullit
361 2803 407 2860 sio
424 2803 549 2858 affectus
567 2817 655 2859 meus
672 2799 812 2871 inillam,
832 2818 908 2876 quae
925 2799 1112 2876 me'eaepius

47 2895 232 2966 refrigeravit
249 2906 280 2950 et
295 2894 411 2964 magnis
428 2883 573 2964 molestiis
589 2891 737 2954 liberavit.

108 3018 160 3073 Ad
178 3026 207 3072 te
224 3017 316 3073 redeo
335 3025 366 3072 et
381 3032 454 3086 oro,
472 2989 498 3073 sl
516 3016 586 3090 quid
601 3015 698 3073 hebes
714 3017 869 3088 exemplar
885 3015 972 3074 istius
989 3001 1112 3076 eantioi:
1157 3069 1159 3074 .

49 3103 81 3160 ln
99 3124 177 3180 paoe
200 3107 230 3164 in
253 3107 284 3164 id
309 3109 427 3182 ipsum,
448 3107 524 3174 mihi
549 3105 708 3167 transcribi
731 3115 762 3164 et
777 3106 854 3178 mitti
872 3111 972 3163 cures.
1005 3105 1113 3168 Tanor

47 3199 127 3253 enim
151 3199 209 3256 iste
232 3215 248 3252 a
265 3199 427 3268 juventute
450 3213 500 3254 me
524 3195 698 3266 delectavit,
724 3204 754 3252 et
776 3211 858 3264 nune
876 3199 977 3254 multo
1000 3195 1112 3270 magis,

44 3299 207 3362 postquam
225 3300 255 3344 et
270 3287 363 3344 verba
386 3287 528 3361 intelligo.
559 3288 633 3346 Non
657 3285 738 3355 euim
753 3277 816 3344 vidi
831 3303 902 3348 earu
920 3286 1112 3364 antiphonam

43 3381 174 3438 vocibus
191 3379 327 3453 pluribus
339 3380 547 3454 compositam.
580 3379 665 3436 Nolo
682 3390 781 3446 autem
798 3389 828 3436 te
845 3393 967 3450 gravare
984 3389 1112 3452 compo,

44 3471 135 3525 nendi
150 3469 280 3552 labore,
302 3471 539 3544 sedipraesumo
565 3479 595 3526 te
621 3469 733 3525 habere
758 3470 874 3526 aliunde
897 3471 1108 3541 compositam,
1140 3516 1172 3531 ,ι
1262 3504 1266 3515 -

45 3561 143 3634 Spero
160 3577 245 3630 sane,
264 3561 354 3618 linem
364 3563 442 3618 vitae
455 3578 540 3616 meae
558 3559 686 3625 instare,
703 3570 733 3616 et
748 3556 877 3616 mundus
889 3576 939 3616 tne
956 3561 1035 3629 odit,
1051 3573 1110 3620 nec

46 3653 123 3706 lerre
152 3660 263 3722 potest:
286 3668 342 3722 ego
368 3666 471 3706 rursus
488 3651 635 3707 anundum
659 3651 778 3706 fastidio
804 3661 835 3708 et
856 3649 1002 3706 detestor:
1027 3651 1111 3718 tollat

45 3743 148 3816 itaque
173 3743 298 3798 anhnam
315 3755 411 3798 meam
428 3750 534 3818 pastor
555 3741 685 3814 optimus
707 3750 737 3796 et
753 3739 858 3800 fidelis.
877 3738 880 3742 ’
894 3740 1012 3798 Idcirco
1029 3738 1109 3836 hano

48 3883 577 3938 ιιι-,Μ
634 3918 638 3934 ι

91 3996 115 4047 ί)
128 3991 229 4052 April.
242 3991 398 4052 acolplanlnr.
447 3993 471 4044 2>
481 3958 546 4038 ool.
556 3991 602 4060 186.
616 3991 734 4040 lavantes.
