2614 4608
506 307 599 374 asta
625 393 628 398 ¹
1021 298 1084 368 tas

44 467 129 530 nostra
144 459 230 518 nobis
248 461 335 518 facile
352 463 466 537 imponi
482 472 600 536 potest,
621 463 672 521 nbi
696 481 758 520 non
781 463 912 521 invicem
931 475 988 518 nos
1005 458 1087 516 nudi.

41 548 156 608 terimus
172 571 248 609 unus
266 555 406 625 aiterum,
431 564 461 608 et
484 570 576 612 sensu
594 557 784 612 cesserimus.
820 555 897 630 Quis
916 553 985 610 finis
1000 551 1088 624 sequi

40 655 143 713 posset,
167 645 238 702 satis
264 645 412 714 intelligis.
447 645 541 715 Igitur
565 663 621 717 per
640 646 796 702 Christum
817 657 844 700 te
869 663 943 710 oro,
968 642 1091 716 quando

40 743 143 787 vestrae
168 734 369 790 contentionis
392 733 460 790 finis
487 745 527 788 et¹
543 736 651 790 modus
676 737 776 790 nuilus
803 735 877 790 alius
900 751 983 789 nunc
998 732 1089 787 uobis

40 820 176 891 videatur,
191 833 225 878 ut
242 823 371 893 digneris
387 823 473 880 istam
486 835 658 896 susceptam
671 824 896 896 quaestionem,
912 833 945 878 ut
957 823 985 876 in
998 838 1091 894 spon.

40 911 103 979 giam
119 911 219 978 cadat,
244 923 274 967 et
298 914 432 968 invicem
451 913 487 967 ab
505 914 595 968 armis
613 915 790 982 discedatis,
806 914 834 980 ¹)
858 923 891 968 ut
908 931 998 985 supra
1015 929 1092 968 con.

40 1001 121 1069 suini,
145 1012 234 1074 atque
252 993 371 1056 interim
397 1001 489 1058 rebus
506 1002 678 1079 ,immutatis
696 1013 726 1058 et
742 1003 772 1058 in
789 1003 913 1076 publico
930 1003 1045 1070 tacitis,
1062 1002 1090 1068 ²)

40 1109 79 1160 ea,
103 1110 177 1164 quae
203 1095 405 1168 communiter
430 1093 566 1162 docetis,
592 1095 729 1163 urgeatis.
767 1095 802 1149 Si‘
822 1095 884 1150 hcc
912 1093 1090 1162 consilium,

39 1183 107 1254 quod
122 1182 251 1238 arbitror
269 1182 379 1239 Christi
404 1199 492 1252 esse,
519 1185 697 1255 sequimini,
722 1185 803 1241 dabit
828 1186 1040 1258 ipsc-gratiam
1061 1193 1092 1240 et
1120 1255 1123 1260 Ι

38 1275 148 1342 gloriam
160 1283 275 1350 optatae
288 1275 381 1346 pacis.
413 1273 513 1330 Credo
526 1285 626 1345 certo,
643 1276 768 1332 credere
782 1285 825 1344 te,
842 1292 933 1348 qnam
949 1263 1047 1346 magni
1063 1272 1093 1341 ³)

39 1373 61 1418 te
74 1366 102 1420 in
118 1363 215 1420 animo
233 1366 444 1434 nectariam,
463 1375 497 1420 ut
513 1365 602 1434 digna
618 1375 687 1420 sunt
701 1358 733 1431 ⁴)
751 1367 829 1422 dona
846 1367 926 1433 Dei,
943 1383 1020 1440 quae
1037 1367 1093 1422 ha.

38 1453 98 1524 bes,
124 1455 234 1528 alioqui
260 1465 320 1514 tam
346 1453 428 1512 serio
453 1465 484 1512 et
508 1455 647 1512 ardenter
673 1457 703 1511 in
727 1455 789 1512 hac
813 1475 847 1512 re
871 1475 938 1514 non
961 1473 1093 1526 agerem.

39 1545 129 1620 Quare
153 1557 186 1602 tu
213 1563 317 1604 rursus
343 1547 429 1604 fidele
453 1563 557 1601 meum
580 1561 650 1616 erga
670 1556 701 1602 te
725 1565 781 1604 cor
801 1565 840 1604 ne
858 1548 1024 1620 despicias,
1049 1549 1092 1603 mi

38 1638 117 1692 irater
132 1638 166 1694 in
180 1638 333 1694 communi
350 1645 458 1693 nostro
473 1637 632 1705 Domino,
649 1647 680 1692 et
697 1639 873 1708 connitere,
889 1652 922 1692 ut
938 1640 995 1694 ista
1011 1640 1093 1696 scin.

38 1728 87 1782 tilla
102 1729 244 1784 intervos
256 1728 405 1799 sopiatur,
417 1719 449 1792 ⁵)
466 1745 504 1782 ne
517 1727 689 1784 incendium
702 1738 840 1796 crescat,
858 1746 919 1800 quo
932 1746 990 1786 nus
1003 1730 1093 1784 simul

37 1819 229 1890 corripiamur.
243 1811 270 1882 ⁶)
304 1818 459 1874 Dominus
478 1825 602 1886 noster,
622 1817 761 1874 solatium
778 1828 933 1887 nostrum,
951 1820 1092 1903 Christus

36 1909 117 1966 Jesus
133 1909 280 1980 gubernet
296 1917 326 1992 et
342 1909 447 1978 dirigat
464 1909 675 1966 cordavestra
693 1909 723 1966 in
740 1907 887 1966 charitate
904 1920 934 1966 et
953 1911 1096 1986 patientia,

37 2015 99 2070 sua,
114 2003 223 2059 Amen.
258 2005 284 2055 8.
302 1999 450 2068 Octobr„
474 2014 553 2054 anno
570 1997 784 2056 Mnxxxtn.
852 2029 854 2036 ι

612 2136 619 2144 ,.
703 2105 746 2162 T.
762 2105 914 2162 Martinus
930 2106 1058 2165 Luther.

285 2299 820 2328 ..,.............-,..-..-.-..

62 2432 263 2526 sectaret,
669 2393 672 2398 ¹
802 2439 1059 2502 uantoxnn.

285 2599 291 2604 “
395 2593 444 2662 tttt
466 2591 593 2663 durat.
616 2590 720 2664 diat.

156 2755 181 2804 tt.
194 2751 302 2824 omnint
315 2752 355 2802 tu.
369 2753 393 2804 u.
406 2761 446 2805 tur
460 2707 552 2802 satur
565 2753 613 2798 ntro
626 2747 743 2802 maudut
755 2757 826 2804 testa
839 2749 956 2802 otram

77 2983 378 3042 nutrcetmmtuutttt
392 2986 1105 3058 dttsr.&ttittattttsstufftrttttotttctiitsr11.296.;⁸

34 3063 73 3111 tui
90 3065 271 3116 &meliorat
289 3063 387 3120 (irriti.
400 3063 419 3107 t.
435 3063 469 3110 79.
488 3061 528 3112 ito
547 3061 817 3107 Strobel-Ranner
834 3075 857 3118 p.
871 3063 917 3109 226.
943 3063 999 3110 imit
1018 3063 1091 3114 iobrtt

33 3136 87 3184 cod.
95 3138 171 3184 chart.
178 3139 223 3186 dot.
234 3137 252 3182 f.
262 3135 345 3188 Goth„
359 3135 419 3182 cod.
429 3133 518 3191 Closs,
531 3133 696 3182 Aurifaber
708 3134 750 3181 111.
763 3135 780 3181 f.
792 3135 849 3188 trs,
867 3136 926 3183 cod.
939 3135 1040 3183 Helmst.
1055 3137 1089 3185 id·

33 3209 87 3258 tm.
100 3210 205 3269 Guelph.
218 3208 355 3296 ttrttidtrtt.

86 3343 154 3400 Dn.
174 3341 369 3399 Wenceslao
384 3341 506 3410 Linco,
522 3341 648 3396 Sacrae
661 3324 860 3414 'Theoloqioe
876 3339 1025 3395 Doctori.
1090 3369 1116 3404 ‚t
1187 3324 1209 3336 ”

34 3471 173 3572 Gratiam
191 3521 221 3571 'et
238 3533 345 3588 pacem
362 3517 391 3570 in
408 3477 542 3570 Christo.
576 3509 922 3582 Respondemratrcbis
933 3501 963 3576 ⁷)
976 3486 1096 3579 senatui,

31 3617 130 3664 vestro
148 3607 178 3662 in
195 3623 283 3662 causa
300 3617 401 3670 vestra
417 3607 454 3661 de
472 3603 659 3661 absolutione
676 3601 814 3674 publica,
838 3600 880 3655 mi
895 3599 1089 3688 Wenceslae.

76 3861 97 3910 i)
111 3854 212 3908 ΘΜ.
223 3859 250 3906 (ἃ.
265 3857 392 3904 discedite.
434 3857 494 3908 Μ
502 3854 533 3905 a.
546 3855 572 3901 c,
583 3857 611 3901 G.
625 3853 735 3902 taceatis.
778 3853 802 3901 3)
817 3849 879 3903 eth.
891 3849 956 3909 quod
970 3860 1089 3924 magnum.

29 3935 49 3984 d)
67 3936 127 3981 unt.
145 3935 201 3980 sint.
250 3937 273 3987 5)
291 3935 347 3989 Str,
366 3933 407 3982 m.
426 3931 488 3978 istae
507 3929 629 3987 scintillae
647 3955 673 3968 -
690 3924 825 3987 sopiantur.
854 3924 856 3928 ’
875 3930 898 3978 6)
921 3923 982 3980 &dt
999 3927 1090 3980 doulos

30 4019 216 4068 corrumpamus.
264 4009 287 4065 t)
301 4009 356 4056 Str.
370 4006 442 4075 uobis
456 4007 550 4060 obsta.
635 4053 639 4058 .
1121 4015 1128 4020 ·
