2652 4608
239 293 300 360 ιιι
350 235 367 380 s
666 249 673 254 ’
723 293 815 362 asso.

232 453 297 511 hoc
308 453 382 521 milri
395 455 432 512 de
447 471 497 514 me
509 458 580 528 jure
596 457 783 530 praedicare)
800 460 894 514 lactus
911 451 1119 520 snmdocton
1137 453 1220 526 qnod
1229 445 1315 524 qui.

233 537 305 600 dem
320 554 401 616 tum,
419 562 492 602 cam
507 547 586 604 hanc
601 548 794 605 tentationem
812 547 962 622 patiebar,
977 561 1139 618 numquam
1155 543 1301 598 credidis.

232 639 299 692 sem
315 636 456 692 futurum.
489 637 538 694 Sic
554 647 584 694 et
600 638 652 693 tibi
669 639 775 710 procul
787 637 878 693 dubio
890 638 1026 707 eveniet.¹
1051 633 1300 704 Turirmagnus

232 724 353 782 evades.
388 723 512 783 Videbis
529 707 640 798 modo‘,
665 739 699 784 ut
716 730 827 784 interea
842 727 870 794 ¹)
888 729 972 784 bono
990 737 1019 785 et
1034 727 1104 783 lorti
1120 727 1161 782 sis
1177 726 1300 792 animo,

232 824 264 871 et
280 816 325 870 fac
341 815 394 874 tibi
410 817 605 892 persuadeas,
622 820 792 878 istiusmodi
807 837 920 887 voces,
944 836 1021 892 quae
1037 818 1081 874 sic
1097 816 1192 876 doctis
1210 833 1301 890 prae.

232 907 339 964 sertim
356 916 387 962 et
404 909 517 979 magnis
532 909 708 966 hominibus
726 910 884 980 excidunt,
904 927 973 965 non
996 925 1098 965 carere
1122 907 1248 964 oraculo
1270 911 1302 962 et

231 997 432 1054 divinatione.¹
457 999 590 1055 Memini
605 1001 680 1056 olim
696 983 795 1058 virum
813 1001 1088 1074 quendamsquem
1103 997 1300 1065 consolabar,

231 1103 270 1144 eo
287 1089 370 1160 quod
387 1089 525 1145 amiserat
541 1089 650 1160 filiunt,
667 1089 740 1147 mihi
757 1091 873 1150 dicere:
890 1093 992 1160 vides,
1002 1089 1030 1158 ²)
1046 1089 1193 1156 Martiae,
1212 1089 1301 1160 quod

229 1179 279 1236 vir
301 1189 424 1250 magnus
452 1175 571 1240 evades.
605 1180 704 1253 llujas
723 1181 799 1238 dicti
823 1181 1000 1256 saepissime
1021 1174 1303 1238 memini:'habent

231 1268 312 1326 enim
331 1267 506 1339 hujusmodi
520 1287 633 1337 voces,
650 1281 683 1328 ιιι
696 1261 776 1342 diiri,
794 1271 904 1344 aliquid
921 1269 1105 1332 divinationis
1123 1279 1155 1325 et
1168 1269 1302 1327 oraculi.

203 1403 207 1412 .
228 1347 364 1418 Proinde
380 1359 464 1416 bono
482 1377 517 1414 ac
535 1361 607 1418 forti
624 1361 670 1418 leo
688 1363 730 1418 sis
748 1363 866 1432 enim,
887 1372 918 1418 et
934 1361 1131 1434 cogitationes
1148 1359 1220 1416 istas
1240 1359 1302 1416 int.

132 1523 142 1535 1
226 1447 369 1504 nissimas
384 1446 416 1515 ³)
441 1465 566 1520 prorsus
591 1447 675 1518 ejice.
708 1450 750 1506 Et
774 1454 894 1525 quoties
917 1452 983 1508 istis
1008 1447 1244 1536 cogitationibus
1272 1457 1301 1506 te

229 1538 387 1594 vexaverit
402 1538 569 1610 Diabolus,
596 1539 676 1598 illito
697 1557 808 1615 quaere
829 1541 1100 1600 confabulationem
1116 1539 1301 1607 hominum,

229 1638 280 1685 sut
296 1629 405 1701 largius
421 1629 510 1699 bibe,
528 1641 577 1686 aut
588 1633 693 1702 Jocare
702 1671 712 1700 ,
736 1650 866 1704 nugare,
883 1643 934 1689 aut
950 1632 1059 1705 aliquid
1076 1631 1154 1686 aliud
1170 1629 1302 1686 hilarius

227 1719 329 1778 facito.
363 1719 422 1778 Est
437 1734 653 1796 nonnunquam
668 1724 778 1795 largius
793 1724 971 1792 bibendum,
988 1723 1166 1789 ludendum,
1184 1737 1303 1792 nagan.

229 1811 322 1878 dum,
339 1822 429 1884 atque
447 1813 521 1868 adeo
538 1825 696 1886 peccatum
715 1813 834 1888 aliquod
847 1814 1035 1872 laciendum
1026 1831 1055 1869 ιιι
1068 1814 1171 1870 odium
1182 1823 1213 1867 et
1225 1829 1302 1870 con.

123 1889 132 1902 '
227 1909 352 1956 temtum
365 1901 504 1969 Dialluli,
521 1919 560 1960 ne
577 1905 649 1978 quid
666 1902 727 1964 loci
745 1905 948 1979 relinquamus
959 1905 1018 1973 tlh,
1034 1914 1068 1960 ut
1079 1904 1302 1962 conscientiam

226 1987 317 2048 nobis
342 1993 428 2050 iaciat
454 1993 605 2050 derebus
628 1994 806 2066 levissimis,
833 1997 942 2078 alioqui
962 1995 1129 2064 vincimur,
1152 1993 1179 2049 si
1206 1996 1301 2051 nimis

172 2069 180 2084 ’
227 2085 314 2140 anxie
340 2086 562 2156 curaverimus,
588 2105 626 2142 ne
652 2087 725 2160 quid
748 2103 924 2160 peccemus
963 2085 1098 2148 Proinde
1114 2085 1148 2140 si
1174 2089 1301 2157 quando

228 2173 338 2229 dixerit
351 2173 520 2244 Diabolus,
538 2176 601 2234 noli
616 2175 742 2246 bibere,
759 2168 792 2230 tu
808 2177 853 2233 sic
870 2178 919 2232 fao
936 2175 976 2232 illi
991 2175 1196 2247 respondeas·
1187 2217 1196 2232 .
1206 2177 1302 2249 atqui
1318 2199 1319 2242 1

157 2253 163 2264 ⁴
229 2263 270 2318 ob
289 2281 354 2320 eam
371 2278 491 2321 causam
508 2267 638 2322 maxime
658 2265 777 2334 bibam,
796 2265 879 2339 quod
894 2274 927 2321 tu
939 2265 1099 2338 prohibes,
1115 2253 1319 2337 atqueadeo*

225 2353 336 2422 largius
354 2355 384 2412 iu
400 2357 520 2412 nomine
536 2357 615 2412 Jesu
633 2348 784 2424 Christil)
804 2355 913 2412 bibam.
947 2354 996 2412 Sic
1010 2371 1132 2426 semper
1143 2359 1303 2412 contraria

226 2444 361 2500 facienda
378 2455 449 2501 sunt
465 2445 594 2516 eorum,
614 2463 691 2518 quae
709 2445 797 2500 Satan
812 2454 903 2502 vetat.
921 2437 951 2512 ⁵)
986 2444 1068 2520 Quid
1088 2459 1197 2500 musae
1216 2447 1302 2504 aliud

226 2549 295 2590 esse
307 2549 428 2603 censes,
442 2529 555 2608 quod⁶)
569 2551 625 2607 ego
635 2535 680 2590 sio
693 2533 841 2590 meracius
850 2533 962 2603 bibam,
975 2533 1097 2590 liberius
1106 2533 1303 2604 confabulor,
1317 2557 1318 2594 ;

224 2637 414 2682 commosset
428 2627 564 2698 saepius,
583 2643 672 2699 quam
689 2612 724 2682 ut
739 2626 840 2682 ludam
855 2625 1022 2684 Diabolum
1037 2641 1072 2680 ac
1088 2640 1202 2682 vestem
1210 2666 1224 2694 ,
1249 2628 1303 2699 qui
1317 2653 1318 2664 ι

223 2729 274 2772 me
292 2730 402 2772 vexare
420 2725 451 2772 et
467 2715 569 2772 ludere
589 2725 752 2788 paraverat.
785 2715 905 2772 Utinam
918 2731 1039 2788 possem
1052 2713 1163 2788 aliquid
1176 2699 1318 2789 insigne¹

223 2805 339 2880 peccati
358 2805 511 2877 designare
529 2805 620 2862 niodo
638 2807 673 2860 ad
693 2807 873 2862 eludendum
889 2805 1072 2875 Diabolum,
1097 2815 1131 2860 ut
1147 2806 1304 2880 intellige.

222 2907 289 2965 set,
303 2911 354 2951 me
369 2897 485 2954 nullum
501 2907 658 2970 peccatum
677 2913 842 2970 agnoscere
855 2913 890 2952 ac
902 2914 951 2952 me
965 2897 1073 2953 nullius
1085 2899 1204 2970 peccati
1219 2901 1302 2956 mihi

224 3001 293 3042 esse
311 2987 477 3042 conscium.
512 2987 646 3042 Omnino
664 2996 746 3044 totus
764 2987 926 3058 decalogus
943 2987 1126 3044 amovendus
1144 2997 1191 3044 est
1203 2992 1317 3047 nobis.

224 3091 266 3132 ex
287 3077 383 3132 oculis
407 3087 436 3132 et
456 3078 573 3146 animo,
598 3077 706 3145 nobis,
735 3077 877 3149 inquam,
902 3093 979 3150 quos
997 3078 1043 3132 sic
1061 3077 1129 3147 petit
1146 3095 1182 3132 ac
1200 3071 1317 3143 vexati

222 3165 384 3224 Diabolus.
430 3147 549 3244 Quodsi
576 3167 696 3242 quaudo
722 3165 872 3230 Diabolus
897 3167 987 3224 nobis
1014 3166 1161 3238 objecerit
1186 3183 1304 3228 nostre

222 3265 368 3338 peccate,
392 3273 427 3314 ac
450 3273 518 3312 reos
537 3257 629 3328 egerit
645 3257 751 3314 mortis
776 3267 807 3312 et
829 3257 958 3326 inferni,
981 3270 1053 3314 tunc
1075 3252 1119 3313 sic
1143 3258 1303 3318 debemus

223 3349 343 3406 dicere:
367 3349 463 3404 fateor
481 3347 618 3420 quidem,
633 3363 692 3402 me
709 3363 795 3404 reum
814 3364 882 3404 esse
896 3347 1007 3416 mortis
1025 3365 1060 3402 ac
1062 3349 1204 3416 inferni,
1224 3357 1304 3425 quid

223 3447 289 3494 tum
306 3440 430 3510 postea?
456 3435 539 3510 Ergo
556 3437 646 3494 etiam
658 3438 688 3492 in
701 3447 851 3494 aeternum
866 3419 1134 3495 condemnaberis?
1151 3441 1304 3503 miniano:

202 3530 296 3604 *novi
320 3529 399 3586 enim
426 3528 590 3604 quendam,
614 3528 667 3601 qui
691 3543 798 3601 passus
819 3539 866 3586 est
881 3544 938 3604 pro
954 3546 1004 3586 me
1021 3546 1056 3586 ac
1074 3531 1241 3604 satisfecit,
1271 3539 1316 3594 ιιι

272 3843 387 3896 th.0
398 3843 458 3891 αθ.
473 3842 578 3892 iuterln.
620 3843 736 3894 awo.
751 3845 812 3894 cmo
825 3843 928 3893 videbis
962 3843 1099 3894 3lW..0
1092 3845 1301 3900 inmanissima.

222 3917 337 3971 awo.
351 3918 450 3967 cmo
463 3917 600 3970 muomure
612 3918 672 3966 lesu
686 3909 784 3968 cunuti
834 3922 858 3972 5)
877 3917 955 3969 W.0.
969 3917 1029 3968 C..G
1044 3919 1114 3968 vtut.
1164 3917 1188 3974 ll
1207 3923 1315 3988 &euml

224 3993 321 4050 st··lllm

302 4100 309 4131 ι
