2652 4608
520 291 612 358 assu
672 305 676 310 '
1038 278 1100 350 217

55 455 78 500 et
95 449 250 506 atrocioris
268 447 434 508 discordiae
458 425 608 507 internos
630 450 764 519 tirturae,
790 447 816 506 si
831 447 895 504 hoc
911 443 1005 502 modo
1027 439 1101 498 oon.

53 537 171 592 cordiam
187 540 419 611 jactaverimus.
432 543 546 621 'Quare
569 551 600 596 et
622 551 732 610 sgote
758 555 812 613 per
828 535 1045 594 conscientiam
1071 541 1103 586 et

52 643 141 698 pacem
158 641 327 686 vestrarum
351 644 381 687 et
396 645 575 689 nostrarum·
593 631 787 686 ecclesiarum
809 644 883 695 oro,
903 645 942 682 ne
964 625 1103 682 commit.

51 727 148 787 tamus,
179 731 214 775 ut
229 720 292 777 hoc
317 723 450 778 remedio
475 719 642 784 discordiae
660 722 728 794 plus
752 719 922 776 excitemus
946 717 1102 781 turbarum
1151 779 1156 792 .

50 819 73 861 et
94 809 323 880 scandalorum,
353 813 407 868 sed
424 813 681 868 commendemus
713 827 834 866 causam
858 809 949 874 Deo,
983 806 1102 862 interim

51 912 189 956 servantes
207 903 292 973 pacis
316 901 403 960 istius
420 903 640 976 qualiscunque
664 911 693 957 et
710 901 889 958 concordiae
912 909 1035 954 eatenus
1053 895 1103 952 fir.

49 998 142 1056 mutae,
159 991 246 1062 quod
264 993 457 1059 confitemur,
480 1008 592 1065 corpus
609 993 735 1048 Domini
752 1008 825 1047 vere
843 992 947 1045 adesse
968 1000 997 1044 et
1015 987 1103 1042 exhi.

48 1075 101 1132 beri
120 1079 200 1135 intus
224 1082 337 1137 animae
354 1082 441 1139 fideli.
475 1081 556 1140 Nam
576 1098 634 1156 vos
659 1083 715 1154 ipsi
737 1081 823 1146 facile
846 1081 972 1154 potestis
995 1078 1103 1141 intelli.

49 1180 119 1238 tere,
136 1171 163 1226 si
176 1160 341 1228 concordia
354 1173 497 1230 internos
511 1173 694 1242 firmaretur,
713 1175 800 1242 lore,
817 1181 851 1227 ut
867 1171 954 1242 aliqui
965 1179 1103 1226 vestrum

49 1259 111 1328 apud
126 1277 204 1330 nos,
225 1272 253 1316 ει
269 1279 375 1318 rursus
393 1275 531 1322 nostrum
549 1264 638 1338 aliqui
656 1264 732 1336 apud
750 1279 806 1320 vos
825 1260 1102 1328 communicarent,

49 1347 88 1418 qui
113 1351 234 1406 diversa
258 1351 314 1407 lide
346 1361 377 1410 et
402 1354 587 1408 conscientia
615 1352 892 1440 communicarent,
926 1349 1102 1408 necessario

48 1439 182 1512 utrimque
202 1441 376 1512 acciperent
400 1443 495 1511 aliud,
519 1459 608 1516 quam
626 1445 805 1513 crederent,
831 1453 861 1498 et
881 1445 926 1497 sic
944 1459 1000 1516 per
1017 1435 1104 1500 mini}

47 1531 155 1587 sterium
173 1544 228 1588 ιιιιι
239 1517 602 1610 coomiemimtiffiostram
620 1545 670 1591 aut
687 1537 746 1591 ludi
758 1551 864 1590 comm
876 1535 964 1590 fidem
977 1531 1102 1588 occulto

47 1620 105 1675 dolo
127 1632 156 1677 et
173 1623 348 1694 mundano,
374 1635 407 1679 ut
431 1626 456 1680 si
474 1611 535 1682 ndu
555 1625 667 1694 sciant,
694 1636 744 1682 aut
762 1624 916 1680 manifesto
942 1622 1102 1691 sacrilegio

47 1712 117 1780 tolli,
133 1715 158 1768 si
176 1715 289 1782 sciant,
307 1725 470 1788 oporteret·
505 1715 606 1792 Quam
623 1709 723 1772 autem
739 1717 822 1789 pium
840 1715 903 1770 hoc
921 1728 955 1769 ac
968 1713 1104 1768 christia.

45 1817 106 1856 uum
129 1805 186 1872 sit,
215 1804 310 1860 vides.
346 1805 450 1879 Quare
475 1807 550 1862 inter
575 1809 634 1862 diro
653 1806 786 1863 malaid
810 1806 912 1880 potius
938 1805 1102 1873 eligamus,

47 1895 228 1960 quodminus
247 1907 310 1964 est,
328 1895 353 1952 si
370 1895 493 1952 omnino
507 1897 633 1952 alterum
646 1897 803 1952 ferendum
815 1904 871 1952 est.
906 1895 1011 1967 ltaque
1025 1893 1102 1950 iore.

46 1997 101 2038 mus
115 1987 222 2057 potius
239 1987 318 2040 hanc
330 1985 510 2042 discordiam
522 1988 671 2042 minorem
686 2003 755 2042 cum
773 2001 847 2060 pace
859 1987 993 2054 minore,
1012 2001 1103 2055 quam
1193 1975 1202 1986 ’

46 2083 73 2127 ιιι
99 2077 124 2131 si
147 2076 231 2132 hanc
260 2093 366 2132 curare
392 2079 583 2148 studeanms,
617 2094 794 2133 moveamus
822 2077 988 2148 tragoedias
1014 2091 1102 2130 veras

46 2165 181 2234 majorum
206 2167 427 2233 discordiarum
452 2185 486 2224 ac
512 2169 666 2224 turbarum
691 2159 930 2223 intolerabilium.
963 2166 1003 2220 Et
1028 2166 1100 2220 volo

45 2263 67 2306 te
80 2255 147 2311 mihi
164 2258 312 2324 credere,
334 2257 414 2314 sicut
438 2269 468 2314 et
486 2257 620 2328 Coburgi
638 2257 690 2313 tibi
709 2259 787 2326 dixi,
811 2257 873 2312 hoc
890 2266 1025 2312 nostrum
1043 2255 1102 2308 dis.

46 2343 140 2401 sidium
155 2357 265 2417 optare
284 2363 333 2402 me
353 2351 526 2423 compesci,
544 2349 658 2406 etiamsi
675 2351 735 2406 vita
747 2365 813 2402 mea
826 2357 873 2402 ter
889 2357 971 2403 esset
988 2348 1102 2418 impen.

46 2435 126 2491 denda
135 2477 147 2506 ,
169 2438 241 2511 quia
259 2437 340 2506 vidi,
366 2455 456 2511 quam
478 2442 515 2494 sit
531 2441 702 2496 necessaria
722 2436 810 2495 nobis
827 2451 928 2494 vestra
951 2438 1101 2508 societas,

46 2537 140 2595 quauta
165 2527 271 2594 tulerit
297 2538 327 2584 et
348 2512 446 2583 adbuc
469 2529 554 2585 affert
577 2529 770 2585 incommoda
795 2527 981 2599 Evangelio,
1004 2528 1042 2582 ita
1067 2535 1101 2608 ιιι

46 2627 131 2674 certus
148 2619 227 2688 sim',⁴
245 2633 352 2680 omnes
368 2631 469 2690 portas
487 2619 610 2689 inferni,
629 2629 726 2675 totum
737 2629 893 2693 papatum,
912 2629 1011 2675 totum
1019 2617 1050 2674 T
1050 2633 1102 2672 ur.

47 2721 113 2776 carn,
137 2709 426 2778 totum'mundum,
452 2720 545 2766 totam
568 2727 710 2780 carnem,
735 2723 764 2765 ει
788 2709 930 2783 quicquid
953 2709 1100 2764 malorum

47 2807 97 2865 est,
113 2817 175 2856 non
190 2799 325 2869 potuisse
339 2809 451 2856 tantum
458 2803 577 2856 bucera
587 2799 770 2870 Evangelio,
788 2801 812 2854 si
831 2800 1001 2857 concordes
1020 2817 1105 2858 esse.

46 2899 110 2944 uuis.
120 2903 124 2912 ’
136 2889 204 2944 Sed
218 2889 291 2960 quid
310 2890 415 2945 luciam
429 2891 459 2946 in
477 2907 534 2959 eo,
552 2893 632 2962 quod
650 2889 834 2962 impossibile
849 2901 895 2946 est
907 2891 991 2948 lieri?
1027 2891 1102 2946 Non

47 2972 118 3042 igitur
140 2979 345 3052 pertinaciae,
369 2979 422 3034 s'sd
438 2995 529 3034 veras
554 2980 755 3052 conscientiae
773 2967 857 3036 meae
876 2970 909 3036 ¹st
928 2981 1101 3038 necessitati

47 3063 99 3121 idei
115 3083 203 3124 meae
224 3069 404 3142 imputabis,
429 3069 456 3124 si
478 3079 559 3125 recte
576 3071 661 3127 voles
686 3070 801 3139 iacere,
825 3059 907 3143 qu'od
923 3065 1003 3126 hano
1027 3087 1102 3126 con.

46 3159 167 3216 cordiam
183 3159 333 3216 densato.
367 3158 526 3234 Sperabam
544 3171 614 3236 post
632 3161 818 3234 colloquium
829 3172 974 3227 ¹nostrum
985 3161 1102 3217 Cobur.

45 3260 121 3310 reuse
139 3247 321 3319 magnifice,
345 3242 397 3306 sed
415 3265 486 3322 spes
511 3267 545 3306 ea
561 3251 695 3310 nondum
720 3251 833 3310 stabilis
858 3262 914 3308 est.
947 3251 1101 3308 Dominus

44 3335 123 3395 desus
147 3339 298 3404 illuminet
322 3339 453 3408 nos,'et
475 3341 645 3396 concordes
664 3343 801 3412 perfecie
820 3339 922 3410 faciat,
948 3341 1009 3398 hoo
1027 3337 1100 3411 oro,

44 3423 95 3482 boc
117 3427 319 3502 ploroslroc
343 3445 449 3499 gemo,
474 3429 503 3486 in
528 3447 590 3503 quo
614 3432 787 3492 benevale.
821 3431 1036 3508 Witeubergae
1053 3434 1126 3496 die·

44 3519 79 3574 22.
92 3518 234 3588 danuam,
250 3536 329 3612 anno
344 3519 539 3583 mommo

713 3629 724 3654 ³
770 3652 923 3710 Martinus
940 3653 1066 3720 Luther,

1209 2695 1216 2720 i
