2654 4612
510 299 615 368 asso.
875 309 879 316 ·
1059 300 1098 365 ss
1139 271 1143 292 ¹

83 451 287 516 ,manaseas
305 467 330 514 p.
345 456 391 508 aaa
407 456 632 526 autumamus
651 437 819 505 botranus
839 451 868 505 tt.
886 459 931 506 tto.
949 457 973 504 t.
997 435 1098 510 nasas

65 527 334 658 ἧῑιθὲὓᾶέἱῗηὶζζέείηωδ.
359 532 416 581 usu
425 532 497 586 buitta
511 532 571 578 Cod.
581 533 658 578 Closs.
665 565 674 590 ,
688 533 747 581 cod.
758 533 812 580 Jeu.
823 531 845 578 b.
854 534 899 580 13⁰.
908 533 927 578 i.
940 531 986 579 ttub
1000 531 1099 618 Auris.¹

64 703 183 804 Gratiam
195 761 224 806 et
234 769 343 824 pacem
356 754 386 808 in
400 753 531 809 Christo.
558 753 627 808 Istis
639 749 783 818 ¹)diebus
796 752 866 808 satis
877 753 986 807 multas
996 751 1097 810 literas

61 840 159 896 anobis
175 843 346 914 accepimus
354 885 364 912 ‚
388 846 500 914 optime
516 843 616 912 dona,
642 853 674 898 et
696 859 755 898 nos
770 843 906 898 vicissim
932 856 1099 914 quaterne.

60 929 210 1000 scripsimus
224 949 240 986 a
253 933 358 988 diebus
370 933 426 988 illis
440 933 568 1000 silentii,
587 935 647 988 imo
666 933 841 1004 quinquies,
857 930 919 987 hoc
932 933 996 1002 jam
1009 941 1098 986 sexto

59 1019 207 1076 scribimus.
242 1021 329 1076 Mire·
342 1023 415 1076 mihi
434 1035 532 1092 gratae
551 1025 670 1077 fuerunt
687 1021 799 1078 literae.
833 1022 928 1076 Video
949 1038 1021 1076 sane
1045 1039 1098 1106 co.

58 1109 189 1165 mitiorum
207 1111 370 1188 prologum¹
386 1097 457 1182 jam*
475 1121 546 1184 post
571 1121 777 1186 argumentum
801 1111 936 1178 recitari,
962 1111 1099 1182 sequitur

59 1199 126 1252 turba
149 1211 177 1254 et
208 1202 329 1272 epitasis
358 1204 407 1257 vel
439 1219 671 1276 paroxysmuaz·
691 1203 745 1258 sed
772 1201 981 1275 catastrophen
1009 1201 1050 1256 illi
1067 1187 1104 1268 1)

57 1289 196 1357 tragicam,
211 1309 270 1345 nos
290 1279 438 1348 uomicam
456 1303 663 1364 expectamus.
679 1290 714 1359 3)
744 1291 816 1348 Non
835 1307 905 1354 sane
922 1301 955 1346 ut
971 1291 1008 1346 de
1026 1291 1102 1362 dog:

55 1380 164 1436 natibus
177 1399 309 1452 unquam
321 1383 370 1437 fiat
382 1371 561 1439 concordia:
574 1376 604 1450 1)
617 1383 685 1454 quis
697 1383 777 1438 enim
785 1382 880 1440 Belial
892 1399 962 1437 cum
974 1381 1097 1438 Christo

55 1483 137 1540 speret
153 1471 324 1530 conciliari?
341 1465 370 1540 5)
395 1474 453 1528 nisi
480 1474 557 1529 forte
585 1474 757 1546 conjugium
783 1485 812 1528 et
835 1483 960 1546 utraque
978 1473 1103 1544 species'

53 1561 224 1616 admittantur
247 1551 325 1626 (sed
348 1563 386 1618 sit
409 1575 439 1618 et
458 1563 510 1618 hic
531 1563 705 1619 adverbium
721 1564 782 1618 hoc
801 1565 897 1630 forte,
912 1557 940 1628 6)
966 1576 995 1617 et
1011 1564 1097 1620 nimis

52 1649 163 1706 fortasse
174 1651 270 1717 forte)
280 1655 360 1708 :sed
372 1655 454 1726 quod
467 1666 569 1726 optem
585 1671 739 1726 paeneque
758 1669 892 1726 sperem,
910 1653 1097 1708 dissensione

51 1740 199 1809 dogmatica
214 1759 380 1818 suspensa,
397 1743 553 1814 politicam
566 1744 760 1798 concordiam
777 1741 839 1797 fieri
857 1759 962 1813 posse:
981 1743 1096 1816 quaesi

51 1831 159 1888 Christo
174 1832 371 1887 benedicente
388 1833 506 1898 veniat,
529 1831 601 1887 satis
619 1832 735 1888 abunde
752 1834 865 1888 tactum
885 1841 914 1886 et
936 1843 1034 1887 actum
1052 1842 1098 1886 cst

51 1921 75 1974 in
88 1923 145 1976 istis
161 1921 300 1978 comitiis.
328 1923 463 1978 Primum
475 1923 565 1992 enirn,
580 1924 662 1994 quod
673 1923 839 1979 maximum
848 1913 944 1991 est‚⁷)
957 1923 1096 1978 Christus

49 2011 154 2081 publica
170 2023 199 2071 et
215 2013 346 2082 gloriosa
362 2013 553 2068 confessione
570 2011 753 2071 declamatos
771 2023 835 2080 est,
854 2023 883 2066 et
901 2013 1042 2068 in'lacem
1054 2023 1097 2068 at.

51 2119 103 2172 que
123 2103 226 2158 faciem
248 2104 384 2174 ipsorum
408 2101 585 2170 affirmatus,
611 2110 721 2156 utnon
744 2103 860 2172 possint
880 2103 1095 2170 jactare,'nos

48 2194 166 2262 fugisse,
183 2195 378 2264 formidasse,
395 2205 445 2248 aut
461 2191 577 2248 cetasse
592 2189 728 2250 nostram
745 2193 843 2248 fidem.
877 2193 944 2248 Nisi
956 2195 1038 2266 quod
1052 2196 1102 2274 inp*

48 2285 146 2354 video,
161 2279 193 2347 11)
215 2301 265 2339 me
278 2300 349 2338 non
367 2285 472 2339 adesse
491 2283 520 2338 in
536 2282 595 2337 bac
612 2282 736 2354 pulchra
755 2285 958 2339 confessione.
993 2285 1096 2343 Comi„
1124 2307 1126 2314 ·

49 2374 140 2444 gitque
150 2367 175 2439 9)
193 2375 268 2429 mihi
285 2377 370 2446 piane
388 2375 491 2427 eadem
509 2375 645 2438 fortuna,
663 2389 739 2444 quae
757 2373 883 2428 summis
900 2374 957 2430 illis
970 2376 1006 2442 ¹⁰)
1016 2375 1094 2431 betti

46 2463 264 2536 imperatoribus
281 2465 470 2542 ante'annum
482 2472 548 2516 aute
561 2462 706 2516 Viennam
714 2502 723 2530 ,
733 2463 769 2528 11)
785 2471 819 2518 ut
829 2463 873 2517 eis
886 2463 914 2518 in
927 2465 1095 2521 resistendo

45 2567 72 2606 et
88 2555 266 2610 defendendo
283 2554 388 2608 urbem
405 2571 421 2607 a
437 2551 548 2606 Turcis
572 2553 650 2606 nulia
674 2565 765 2624 opera
788 2563 838 2608 aut
859 2554 983 2608 victoria
1000 2542 1095 2625 impu.

44 2645 94 2700 tari
101 2647 202 2718 possit.
228 2646 346 2700 Tamen
358 2644 454 2714 placet
466 2653 495 2696 et
511 2641 680 2708 sotatur-‚tu
693 2643 729 2696 ab
741 2642 804 2703 aliis
812 2642 890 2703 hanc
902 2661 999 2712 meam
1007 2645 1094 2712 Vien-
1156 2695 1161 2703 ,,

44 2751 105 2788 natu
121 2736 235 2790 iuterim
255 2735 407 2789 defensam
424 2747 504 2786 esse.
536 2733 675 2786 Alterum
700 2733 782 2804 quod
807 2733 1011 2802 certum'est,
1036 2729 1092 2790 nos

44 2841 142 2894 pacem
164 2839 283 2895 semper
307 2822 512 2894 quaesivisse,
538 2831 570 2874 et
593 2830 626 2876 ut
648 2819 790 2879 Psalmus
814 2821 870 2890 ait,
893 2809 1093 2894 persequutus

10 2947 11 2950 =
44 2929 113 2982 esse,
127 2913 411 2980 obtulisse.,‘orasse,
424 2907 459 2974 ²³)
475 2911 540 2963 iilos
552 2925 626 2964 vero
638 2927 700 2964 non
718 2909 771 2964 nisi
784 2909 892 2964 bellarm
905 2952 913 2976 ,
930 2915 1096 2986 caedentes

43 3004 210 3074 perniciem,
228 2993 472 3057 seducentissimo
488 2999 659 3054 testimonio
669 3031 685 3067 ,-
696 3015 753 3053 nos
773 3015 844 3055 esse
858 2999 933 3056 filios
947 3003 1024 3071 Dei,
1042 3004 1093 3074 qui
1137 3007 1140 3023 ⁵

43 3091 151 3162 pacifici
168 3103 283 3146 sumus.
295 3082 337 3156 11)
370 3075 462 3162 Quod
479 3088 506 3141 si
522 3085 643 3141 tertium
660 3085 877 3158 obtinebimus,¹
892 3102 922 3146 ut
935 3107 1007 3161 pace
1020 3092 1095 3163 poli.

43 3183 92 3236 tica
116 3181 324 3246 discedamus,
347 3180 433 3248 plane
449 3176 579 3232 vicimus
597 3175 732 3237 Satauam
748 3169 788 3244 ¹⁵)
812 3177 872 3252 hoc
890 3196 978 3236 anno.
1012 3183 1096 3238 Haec

43 3277 107 3326 mea*
126 3281 257 3332 estnon
282 3266 526 3340 praedestinatio,
555 3267 609 3320 sed
617 3327 627 3341 Ι,
638 3266 775 3346 cogitatio
801 3267 842 3346 de
863 3269 935 3341 istis,
953 3273 1094 3330 comitiis,

46 3361 116 3436 Quid
135 3359 213 3414 enim
231 3339 351 3428 sperem
373 3341 507 3410 facturos
532 3355 719 3410 adversarios
740 3341 835 3414 'bonit
870 3354 954 3434 Quid
968 3361 1005 3415 de
1023 3361 1095 3416 Cae.
1136 3390 1142 3402 κ

46 3469 101 3506 sare
119 3445 458 3520 quantumvisoptimo,
485 3445 538 3498 sed
560 3443 708 3501 obsesso?
738 3444 883 3522 ¹Christus
906 3443 1097 3520 vanitates

46 3543 119 3598 sedet
131 3541 167 3594 ad
179 3540 351 3608 dexteram,
369 3551 431 3594 nun
442 3527 482 3601 17)
496 3535 630 3622 Caesaris
647 3533 785 3600 (rrarnsic
799 3537 992 3608 periissemus
1006 3543 1095 3610 olim)

48 3647 613 3741 manu
629 3688 688 3746 ⁸„st
702 3684 782 3734 Coei
798 3687 856 3734 cod.
870 3688 924 3734 Jeu.
944 3692 1038 3738 aurit.
1053 3701 1101 3740 erte

45 3743 206 3837 reatus,
233 3737 495 3832 ,ut-tasas·
521 3737 550 3834 a
565 3735 839 3830 assumat·
853 3737 1095 3845 assistunt<

45 3799 305 3901 rbusuaucsrattam.
344 3833 608 3926 ,st00cpntpasattu01
654 3834 905 3928 13))*1111518Ῑη
952 3841 1095 3902 mum

46 3883 386 3990 biebiff'ddd‘iapdiet‘tii‘b
402 3885 542 3980 arft’vnaif
556 3887 724 3982 ”bias-isitii
738 3887 908 4002 *titbfc'ffil'sst
922 3888 1094 3993 iddsseiiffiidi

47 3989 65 4036 u
84 3990 153 4038 sedet
164 3997 218 4034 nou
231 3986 261 4032 ad
274 3985 406 4034 dextetam
