2640 4606
240 257 346 332 siz¹
435 259 448 276 '
534 273 536 283 ’
723 269 845 354 issu

239 423 328 478 studii
345 433 376 479 st
391 425 553 484 voluntatis
569 395 689 497 fuisse,
700 448 769 486 cum
782 433 879 488 sciant
890 439 919 486 et
930 429 1042 504 ubique
1051 431 1191 488 fateantur
1201 427 1276 484 etiem
1301 404 1304 415 ¹

239 513 277 580 ii,
303 516 354 586 qui
373 533 436 599 noq
448 535 521 573 vere
538 520 679 588 eredunt,
704 517 858 577 Christum
882 523 1073 578 descendisse
1098 531 1213 596 propter
1230 533 1277 574 nos

237 600 377 684 homines
394 607 585 698 redimendos
603 627 619 664 e
637 622 763 682 peccato
783 624 813 667 et
830 623 937 668 morte.

304 717 362 774 llic
388 719 510 792 primus
529 723 616 779 locus
641 725 711 792 suit,
740 727 791 797 qui
817 727 955 782 alienavit
980 727 1109 782 animum
1120 694 1227 780 meum
1250 722 1296 780 eb,

238 805 378 866 Eresmo.
413 811 556 883 Protinus
582 815 726 886 suspicari
752 817 839 889 coepi
861 833 930 872 eum
954 825 1021 872 ‘esse
1045 817 1213 886 simpliciter
1228 815 1280 869 De.

236 899 400 956 nroeritum
417 919 471 958 seu
481 894 672 974 Epicurum,
699 916 730 960 et
745 918 902 962 versutum
920 907 1072 962 irrisorem
1093 905 1217 970 Christi,
1237 903 1279 976 qui

84 991 87 998 '
140 1057 142 1062 Ι
238 989 349 1064 ubique
367 992 469 1048 odium
487 1010 574 1050 suum
595 997 623 1050 in
641 997 794 1052 Christum
816 997 879 1052 suis
897 997 1072 1069 Coepiouris
1097 996 1215 1064 indicat,
1237 993 1282 1050 sed

236 1081 277 1136 ite
302 1081 431 1152 figuratis
456 1097 486 1139 et
514 1086 664 1142 insidiosis
692 1087 810 1158 verbis,
839 1098 873 1143 ut
901 1089 1097 1146 furiosissime
1125 1083 1281 1142 debacchari

238 1173 335 1243 possit
360 1174 389 1250 ιιι
416 1174 613 1245 christianos,
642 1178 693 1250 qui
722 1180 784 1232 suis
811 1167 939 1249 obliquis
964 1186 996 1232 et
1020 1178 1171 1249 suspectis
1186 1175 1282 1233 -verbit

240 1263 365 1346 offensi,
391 1281 451 1320 nou
475 1265 704 1338 interpretentur
725 1268 825 1322 omnia
847 1283 902 1339 pro
923 1267 1044 1348 §bristo
1067 1283 1190 1337 eorum,
1210 1265 1284 1337 qussi

239 1369 317 1408 unus
334 1351 480 1410 Erasmus
498 1357 528 1410 in
543 1357 618 1410 orbe
636 1373 762 1427 reguum
778 1359 928 1430 possident
950 1358 1133 1422 liberrimum
1157 1356 1283 1417 insidiose

240 1453 270 1496 et
295 1439 416 1514 oblique
443 1445 581 1516 loquendi
607 1447 643 1500 de
669 1447 761 1502 rebus
785 1448 944 1518 maximis,
974 1457 1003 1502 et
1027 1433 1137 1502 ornnes
1161 1447 1284 1502 homines

239 1531 391 1588 obnoxios
415 1531 525 1598 lrabeat
547 1535 576 1590 in
600 1553 634 1590 es
656 1537 816 1606 servitute,
840 1548 873 1592 ut
897 1523 1043 1607 cogentur
1060 1537 1242 1609 obliquitates
1260 1543 1286 1589 et

240 1623 360 1679 insidias
379 1625 446 1694 ejus
463 1636 546 1682 recte
564 1635 595 1683 et
610 1629 729 1683 sineere
747 1629 927 1700 interpetati.
960 1629 1021 1702 Cur
1038 1629 1100 1699 ipse
1121 1629 1286 1698 potiusnon

238 1713 373 1786 loquitur
390 1727 469 1798 recte
486 1725 518 1772 et
534 1719 656 1790 operte?
676 1719 730 1795 sUt
752 1719 825 1790 quid
848 1719 1007 1773 delectatur
1023 1718 1134 1774 insidiis
1152 1729 1181 1776 et
1196 1717 1286 1787 liguris

237 1804 303 1858 istis
322 1811 381 1880 tum
398 1806 599 1876 periculosis?
632 1805 749 1864 Debuit
764 1818 861 1863 tantus
879 1808 983 1864 rhetor
1005 1818 1035 1862 et
1058 1807 1215 1878 theologus
1235 1823 1286 1860 non

238 1869 337 1962 solum
354 1897 452 1964 scire,
470 1897 630 1954 sedetiam
648 1897 772 1954 fideliter
790 1909 956 1968 praestare,
974 1899 1057 1970 quod
1075 1898 1285 1962 accersamus,

239 1985 356 2040 seilicet
373 1986 544 2056 ambiguum
555 1985 682 2041 verbum
693 2003 749 2042 seu
762 1989 920 2058 scopulum
931 2003 997 2042 esse
1010 1988 1173 2044 vitandum
1189 1983 1286 2066 Quod

235 2075 263 2132 ei
281 2091 354 2129 cusu
371 2075 491 2146 aliquod
513 2058 680 2143 exciderit,
702 2076 820 2131 venium
838 2087 984 2134 meretur:
1011 2077 1063 2132 sed
1087 2067 1187 2150 studio
1209 2077 1287 2132 etin.

238 2166 349 2222 dustria
374 2183 539 2236 quaerere,
566 2165 629 2222 hoc
653 2165 732 2222 nulia
755 2167 861 2235 venis,
890 2169 944 2222 sed
966 2159 1137 2238 justissimo
1165 2167 1286 2222 omnium

238 2255 309 2312 odio
326 2255 446 2325 dignum
463 2263 518 2312 est.
552 2257 602 2312 Ad
621 2255 691 2328 quid
709 2257 788 2313 enim
803 2257 864 2312 hoc
876 2257 1004 2328 bilingue
1017 2269 1048 2313 et
1059 2258 1168 2312 odibile
1181 2256 1286 2315 dicendi

237 2362 331 2418 genus
348 2343 445 2413 valet,
470 2346 526 2402 nisi
549 2355 583 2400 ut
604 2346 661 2402 sub
684 2347 809 2402 vocibus
833 2357 865 2400 et
886 2347 979 2424 literis
1001 2340 1191 2424 christinam
1211 2348 1287 2404 fidem

239 2436 446 2492 simulantibus
470 2436 604 2492 omnium
626 2437 797 2492 haeresium
823 2438 935 2494 semine
959 2449 1023 2494 tuto
1048 2427 1151 2492 serere
1174 2449 1206 2494 et
1221 2437 1288 2490 alere

236 2529 355 2610 possis.
373 2544 408 2584 ec
426 2528 497 2584 dum
514 2527 615 2584 doceri
634 2537 664 2582 et
681 2527 797 2583 defendi
815 2527 947 2582 creditur
958 2522 1078 2598 religio,
1097 2537 1203 2586 rev'ere
1215 2527 1288 2585 tolle.

201 2627 203 2630 '
237 2626 287 2674 tur
302 2619 453 2688 funditus,
470 2628 502 2674 et
517 2630 675 2694 autequam
692 2617 880 2688 intelligitur,
896 2625 1058 2676 evertetur.

303 2734 406 2810 Quare
423 2713 506 2790 recte
521 2732 632 2790 fuciunt
642 2748 771 2801 omnes,
788 2733 844 2806 qui
855 2743 997 2804 suspecta
1012 2743 1042 2788 et
1055 2733 1198 2788 insidiose
1209 2732 1290 2790 uerbi

238 2824 303 2894 ejus
321 2823 426 2881 contra
444 2839 513 2880 eum
529 2821 815 2892 1ιιιιιειιιιιιιιιιιιιι.
837 2822 918 2877 Nee
938 2834 984 2879 est
999 2821 1145 2880 audienda
1162 2825 1229 2894 ejus
1245 2838 1290 2877 ro.

238 2913 391 2970 ciferntio:
411 2913 582 2986 calumnis,
600 2911 764 2980 calumnia,
780 2924 811 2976 et
825 2911 913 2990 quod
925 2929 986 2971 non
1001 2914 1168 2980 commode
1184 2925 1217 2970 et
1233 2929 1292 2969 otu.

238 3004 332 3064 dide
311 3008 554 3076 interpretemur
571 3003 655 3074 ejus
661 3002 749 3060 dictu.
785 3001 879 3058 Cur
872 3017 935 3074 ipse
952 3003 1026 3072 fugit
1042 2995 1207 3060 commode
1223 3005 1292 3058 diets

238 3108 269 3152 et
285 3107 416 3152 sectetur
430 3095 624 3181 incommode
641 3093 740 3164 dicta?
771 3093 863 3150 Esset
882 3095 962 3154 enim
976 3095 1054 3150 haec
1069 3097 1204 3172 tyrannis
1222 3097 1291 3152 ineu

237 3189 313 3259 atita,
336 3186 510 3245 universum
527 3201 620 3257 genus
636 3185 818 3240 hominum'
810 3195 849 3240 rte
872 3183 983 3242 hebere
1009 3187 1087 3242 velle
1115 3187 1291 3258 subjectum,

237 3287 271 3362 ιιι
285 3275 429 3367 iusidmse
447 3287 477 3334 et
494 3275 663 3348 periculose
681 3274 756 3330 dicte
774 3284 936 3344 cogeretur
949 3276 1111 3336 commode
1122 3277 1290 3346 intelligere,

239 3377 270 3424 et
287 3368 327 3424 illi
344 3374 469 3438 regnum
486 3365 652 3420 concedere
665 3380 785 3443 semper
797 3364 938 3420 insidiose
949 3365 1103 3436 loquendi.
1132 3365 1242 3455 Quin
1237 3381 1291 3438 ipse

171 3461 186 3520 'J
238 3459 337 3534 potius
352 3467 477 3527 cogetur
493 3455 524 3509 in
538 3455 693 3522 ordinem,
711 3465 741 3508 et
751 3453 894 3525 jubeatur
910 3455 1024 3509 seruire
1042 3471 1144 3524 generi
1135 3456 1291 3516 humero,

238 3547 300 3604 hoc
319 3557 381 3612 est,
405 3545 553 3608 *bstinere
577 3545 614 3600 ab
638 3543 697 3601 isto
721 3546 848 3624 profano
867 3545 1033 3615 ethilingui
1050 3539 1227 3618 flexiloquis
1245 3561 1292 3600 seu

202 3649 205 3657 ¹
239 3637 484 3709 inaniloquentie,
508 3635 586 3693 sicut
607 3633 720 3692 Paulus
743 3633 1021 3711 praecepturum
1028 3639 1184 3710 protenus
1205 3653 1290 3694 ceno.

239 3727 377 3805 pbonius.
418 3789 424 3794 q
780 3754 782 3759 ·

242 3874 766 3900 W-

273 3973 310 4022 =ti
328 3967 431 4032 tritri,¹
445 3967 531 4026 ipsun.
