2640 4606
233 295 295 362 sta
472 257 478 273 ’
717 292 809 361 tau.

233 463 264 510 et
279 455 383 512 videas
399 462 498 512 tamen
513 455 651 512 homines
668 457 795 514 inveniri
810 465 869 510 tam
884 445 1053 527 deploratae
1064 447 1214 517 amentiae,
1228 445 1268 520 qui

231 543 310 600 hanc
332 547 440 601 seriem
464 559 494 602 et
515 562 617 604 veram
635 564 702 604 esse
727 549 864 615 credaut,
888 564 947 602 nec
970 545 1179 606 considerent,
1197 555 1268 611 quam

230 633 328 705 turpia
351 647 380 690 et
401 637 527 692 absurda
550 640 674 694 credant
688 621 727 692 ¹ut
749 641 882 694 adorent.
916 637 983 690 lloc
1006 635 1122 690 scilicet
1138 643 1218 686 emm
1232 629 1270 686 ad.

149 798 156 807 ι
229 726 371 780 monendi
384 727 553 796 christiani,
571 730 712 783 stolidum
725 745 817 797 genus
834 728 1005 794 homiuum,
1021 743 1076 798 per
1087 726 1158 778 tales
1172 723 1269 791 figuras,

178 853 183 864 .
229 825 264 868 ut
273 815 444 890 =inciperent
461 817 612 885 dubitare,
636 831 668 874 ,et
690 819 852 873 dubitando
875 835 891 871 a
913 816 970 870 fide
988 822 1169 887 apostatare,
1193 809 1271 867 etsie

228 905 334 975 religio
351 907 471 978 penitus
490 919 691 978 everteretur,
716 919 874 981 antequam
898 907 976 962 ullus
999 907 1092 961 bomo
1113 914 1214 980 posset
1227 901 1272 954 ob,

230 1002 365 1052 servare.

157 1119 160 1129 Δ
296 1137 381 1194 Haec
406 1149 452 1193 eet
476 1139 522 1192 illa
547 1137 687 1211 parabola
711 1136 930 1205 Matutine,
957 1135 1010 1191 ubi
1034 1135 1130 1190 bomo
1152 1111 1272 1208 inimicus

198 1291 201 1298 ,
231 1229 482 1300 superseminavit
493 1230 601 1284 zizania
613 1241 716 1298 nocte,
736 1227 807 1306 dum
819 1224 1151 1292 dormirenthomines,
1170 1233 1201 1280 et
1209 1222 1274 1276 abiit

228 1313 299 1375 Nos
315 1319 469 1374 christiani
484 1335 591 1375 secure
601 1321 784 1388 dormimus,
802 1331 833 1375 et
843 1309 941 1376 sinon
952 1318 1168 1383 dormiremus,
1185 1313 1273 1369 dulces

227 1408 295 1464 illae
307 1409 425 1466 Sirenes
438 1427 491 1467 sua
501 1409 754 1484 blandiloquentia
770 1425 827 1466 nos
843 1410 1090 1482 facilesopirent,
1106 1415 1274 1476 noctemque

228 1499 270 1554 ob
287 1501 394 1569 oculos
411 1501 558 1557 facerent:
575 1503 691 1556 interim
708 1502 892 1556 seminantur
905 1499 951 1554 illa
972 1499 1081 1554 zizania
1098 1495 1275 1567 figuratorum

132 1587 137 1592 “
228 1599 259 1645 et
275 1589 489 1647 insidiosorum
505 1592 680 1648 verborum.
715 1591 755 1648 Et
779 1603 953 1647 cum-nuuc
974 1589 1154 1658 repullulent
1177 1587 1276 1658 passim

227 1677 469 1748 Sacramentarii,
486 1681 680 1754 Donatistae,
699 1683 818 1751 Ariani,
835 1682 1064 1754 Anapaptistaee
1075 1679 1201 1752 Epicuri
1214 1688 1276 1732 etc:

226 1773 417 1843 quaerimus,
438 1773 517 1828 unde
535 1773 642 1828 habeat
658 1789 727 1843 ager
742 1762 870 1828 Domini
885 1773 982 1828 nostri
1005 1771 1136 1827 zizania?
1170 1769 1213 1826 Illi
1235 1783 1277 1822 au.

225 1872 305 1932 tem,
330 1865 381 1936 qui
404 1865 644 1938 seminaverunt,
670 1863 822 1931 abientnt,
845 1870 874 1916 et
894 1861 1188 1935 interpretationibus
1205 1875 1279 1916 com.

224 1955 325 2010 modis
343 1955 388 2010 sic
406 1971 440 2009 se
457 1955 598 2025 pingunt,
625 1965 748 2018 ornant,
772 1965 857 2010 etex
882 1953 978 2008 oculis
999 1956 1113 2006 nostris
1136 1968 1171 2006 se
1194 1949 1278 2023 prori.

223 2043 324 2118 piunt,
342 2054 376 2100 ut
386 2043 514 2100 triticum
526 2046 687 2100 seminasse
698 2035 863 2098 videantur.
899 2042 947 2098 Sic
960 2041 1085 2098 elabitur
1095 2051 1126 2096 et
1138 2041 1198 2094 abit
1208 2049 1278 2094 tutus

224 2127 296 2211 cum
314 2134 431 2190 honore
449 2145 479 2190 et
497 2119 600 2204 laude,
619 2146 646 2188 et
664 2132 926 2206 apparatoribus,
944 2129 996 2203 qui
1007 2141 1138 2187 estvere
1150 2131 1277 2185 inimicus

225 2222 333 2282 homo.
353 2225 450 2297 ⁴Haec
467 2225 578 2280 est'via
593 2225 726 2294 mulieris
744 2211 820 2280 illius
838 2225 1003 2290 adulterae,
1020 2237 1181 2293 quaecum
1199 2221 1281 2274 devo.

222 2317 351 2386 raverit,
369 2317 459 2388 tergit
476 2333 512 2372 os
529 2331 638 2386 suum,
654 2325 685 2371 et
702 2315 787 2372 dicit:
814 2295 890 2370 Noti
897 2313 969 2386 seci
984 2311 1122 2382 mulum,
1138 2308 1278 2370 Prorerb.

200 2405 322 2462 'XXX'
420 2415 426 2422 ,
892 2413 895 2416 .
1090 2414 1092 2420 Α

289 2538 347 2594 Sed
364 2539 440 2594 baec
452 2540 491 2606 ad
509 2548 597 2595 tuam·
609 2537 782 2612 epistolam,
809 2535 850 2591 mi
867 2534 1037 2604 Amsdorfi,
1063 2535 1133 2590 satis
1151 2533 1240 2590 nimis
1256 2537 1282 2585 et

221 2629 349 2686 moleste
368 2629 461 2697 forte,
487 2630 542 2686 sed
566 2630 696 2684 indicare
719 2639 818 2683 tamen
841 2629 943 2695 volui,
967 2641 1022 2680 cur
1044 2641 1143 2696 neque
1161 2625 1282 2680 Erasmo

134 2717 135 2722 ’
220 2719 467 2789 respondendum
484 2735 553 2776 esse
570 2718 641 2774 mibi
659 2719 809 2773 videatur:
835 2735 903 2772 sum
929 2716 1018 2772 etiam
1035 2715 1107 2771 satis
1124 2723 1282 2786 occupatus

220 2808 334 2874 nostrie
361 2810 525 2878 docendis,
553 2809 781 2884 confirmandis,
813 2807 997 2876 corrigendis
1024 2796 1054 2860 et
1070 2805 1284 2877 gubernandis.

143 2935 151 2970 ,ι
221 2897 345 2954 Deinde
362 2899 461 2954 sulum
479 2913 557 2954 onus
576 2899 649 2954 illud
665 2897 800 2953 vertendi
818 2897 912 2961 Biblia
929 2914 986 2950 nos
1002 2904 1085 2950 totos
1107 2895 1163 2950 sibi
1189 2891 1284 2960 vendi.

121 3041 123 3046 .
181 3039 183 3048 ,
220 2999 286 3056 cat,
312 3006 327 3044 a
350 2989 458 3062 quibus
483 2989 626 3060 operibus
649 2989 734 3044 Satan
749 3005 806 3044 vme
829 2989 907 3054 forte
930 2996 1020 3040 tentat
1037 2989 1184 3053 avocare,
1211 2985 1285 3056 sicut

220 3087 306 3136 antea
323 3081 412 3150 lecit,
429 3067 463 3136 ul
479 3081 604 3137 meliora
617 3080 779 3148 deserens,
798 3078 906 3132 frustra
920 3075 1128 3132 secternubes
1141 3085 1170 3130 et
1183 3075 1283 3130 inania·

191 3155 196 3166 ’
221 3165 304 3224 Nam
322 3169 448 3226 Servum
465 3171 616 3226 arbitrium
632 3170 685 3226 tibi
702 3169 886 3224 documento
900 3182 967 3222 esse
979 3176 1097 3238 potest,
1115 3182 1208 3238 quam
1221 3163 1286 3218 diffi.

219 3259 278 3316 cile
295 3262 333 3316 sit
347 3261 528 3330 Erasmum,
546 3261 691 3318 Proteum
710 3260 808 3326 illum,
832 3259 966 3330 aggredi,
993 3269 1119 3330 propter
1136 3275 1224 3313 suam
1240 3257 1284 3309 fle.

218 3350 433 3423 xiloquentiam
460 3363 489 3407 et
515 3352 729 3420 lubricitatem,
757 3357 819 3422 qua.
842 3349 1016 3404 mirabiliter
1039 3348 1174 3410 confidit.
1217 3337 1285 3402 Non

201 3474 208 3496 2
221 3441 302 3496 enim
319 3443 457 3498 consistit
473 3452 559 3498 certo
577 3443 666 3506 loco,
691 3449 721 3496 et
743 3440 868 3495 callidus
892 3451 940 3495 est
965 3439 998 3492 ad
1016 3439 1172 3500 evitandos
1191 3439 1282 3502 ictus,

220 3529 305 3586 velut
322 3515 450 3588 irritatus
465 3533 596 3590 crabro..
615 3531 682 3604 Ego
695 3541 794 3586 autem
806 3530 900 3586 miser
910 3531 1077 3586 consistere
1090 3544 1204 3600 cogor,-
1222 3529 1284 3583 loco

221 3632 305 3677 certe
327 3623 448 3694 iniquo,
474 3624 558 3678 velut
583 3623 702 3694 signum
728 3619 983 3676 contradictionis.
1026 3619 1184 3696 Quidquid
1213 3622 1284 3675 enim

220 3711 328 3768 scribit
349 3712 522 3784 Lutherus,
544 3713 608 3784 jam
630 3715 799 3768 damnatum
824 3721 962 3768 estante
986 3711 1180 3770 decennium:
1207 3712 1283 3768 solus

217 3799 373 3858 Lutherus
397 3803 503 3858 scribit
526 3819 566 3859 ex
588 3803 712 3871 invidia,
739 3801 897 3874 superbia,
923 3803 1132 3870 amar-utentia,
1158 3802 1284 3872 denique

220 3879 261 3948 ex
279 3893 345 3966 ipso
363 3893 480 3950 Satanas
503 3894 645 3967 quivero
662 3903 768 3948 contra
783 3910 854 3954 eum
872 3893 1020 3962 scribunt,
1039 3909 1145 3950 omnes
1163 3909 1208 3948 ex
1225 3890 1283 3964 Spi-

168 4018 170 4021 ν
219 3984 280 4040 ritu
297 3995 402 4040 sancto
420 3984 566 4041 scribunt.
654 4033 658 4041 .
