2692 4612
522 281 663 404 usust
779 362 865 392 „
1053 291 1159 394 ,³³¹

112 450 172 508 Fuit
182 451 287 508 nudius
299 452 407 510 tertius
417 449 470 508 hic
483 453 593 523 Arguta
604 469 619 508 s
632 451 777 521 stouffen,
795 467 870 525 quse
882 460 978 509 narrat
990 449 1095 508 miram

61 557 191 613 pompam,
210 541 266 616 rpus
275 543 428 602 ..monaehi
442 543 515 598 Dux
525 543 667 598 Bavariae
682 543 837 598 Caesarem
849 544 887 598 sit
900 551 1096 613 excepturus,

61 633 204 690 comoediis
227 634 342 688 et'aliis
364 634 456 701 novis
482 633 658 688 honoribus.
692 633 834 704 Denique
859 649 876 687 e
900 631 1099 702 Norimbergs

60 723 130 777 uobis
155 726 294 795 incipiunt
311 723 508 796 persuadere,
536 723 694 778 Caesarem
711 741 771 777 non
795 740 861 777 esse
879 735 1036 777 venturum
1063 721 1100 776 ad
1125 747 1132 764 ι

60 814 181 880 comitiu¹
197 826 227 870 et
244 831 369 884 prorsus
387 813 467 868 irrita
487 813 548 868 iieri
566 815 704 878 comitia,
729 813 827 868 studio
845 813 959 878 scilicet
982 823 1011 868 et
1029 813 1100 868 dolo

59 903 227 972 pontificum:
253 904 333 976 quod
357 905 382 958 si
400 903 451 969 iit,
476 879 593 972 s'ignum
618 915 664 958 est
688 904 747 957 irue
771 905 831 960 Dei
858 895 1047 976 implacabilis
1071 904 1101 958 in
1155 917 1159 926 ’

58 995 215 1064 pontifices,
238 995 351 1066 utqui
368 994 449 1074 ‘nolit
473 1007 591 1050 nostras
616 996 703 1048 etiam
731 1009 836 1064 preces
862 1009 917 1065 pro
942 995 986 1050 eis
1012 995 1100 1048 factas

58 1085 155 1140 audire.

110 1215 156 1295 De
171 1233 241 1272 meo
259 1215 360 1270 libello
373 1213 402 1282 ⁴⁸>
420 1214 445 1268 si
462 1214 575 1269 varient
588 1212 717 1287 judicia,
734 1213 805 1275 nihii
819 1225 848 1268 te
861 1222 994 1270 moveat:
1012 1213 1101 1286 Deus

58 1319 128 1370 meus
145 1307 301 1360 stultorum
318 1307 412 1362 Deus.
428 1314 490 1372 est,
513 1306 661 1378 sepientes
678 1305 802 1358 irridere
820 1303 944 1362 solitus.'
968 1303 1046 1368 Hinc
1071 1313 1102 1360 et

59 1411 103 1464 ego
120 1395 190 1452 nihil
206 1413 260 1450 eos
278 1413 391 1460 moror,

111 1523 203 1580 Hodie
221 1525 294 1579 mihi
313 1524 433 1598 scripsit
443 1524 524 1580 Hans
541 1523 704 1593 Reinicke,
722 1523 931 1580 charissimum
950 1533 1102 1596 parentem

58 1629 143 1668 meum
169 1617 249 1670 Hans
275 1615 393 1669 Luther
417 1615 566 1669 seniorem
592 1617 762 1670 excessisse
785 1631 827 1669 ex
851 1615 908 1670 huc
934 1617 1009 1684 vite,
1041 1618 1105 1688 ipsu

59 1705 189 1760 dominica
215 1699 354 1772 Exaudi,
376 1705 452 1758 horu
475 1689 582 1774 prima,
611 1703 656 1760 Es
674 1720 841 1776 morosane
860 1720 907 1760 me
934 1707 962 1760 in
989 1709 1104 1763 luctum
1201 1718 1203 1728 ¹

60 1798 194 1868 conjecit,
222 1782 429 1853 recordantem
452 1804 511 1848 non
535 1793 633 1848 solum
654 1804 792 1860 naturae,
818 1797 871 1850 sed
898 1805 927 1850 et
951 1793 1103 1860 charitatis

14 1925 15 1930 ,
61 1873 256 1954 suavissimae,
282 1887 349 1957 quin
366 1900 407 1938 ex
424 1886 491 1955 ipso
507 1881 580 1938 mihi
598 1891 717 1938 creator
733 1901 818 1940 meus
837 1886 935 1954 dedit,
961 1886 1104 1958 quicquid

59 1989 114 2030 sum
130 1985 158 2030 et
173 1976 288 2031 habeoz
306 1982 335 2028 et
351 1969 519 2044 quanquam
537 1989 584 2028 me
603 1973 734 2042 solatur,
752 1973 833 2045 quod
850 1975 972 2042 scribit,
991 1977 1104 2034 fortem

60 2063 147 2120 infide
164 2057 275 2120 Christi
290 2063 419 2118 suaviter
435 2062 642 2132 obdormisse,
662 2061 759 2116 temen
774 2063 974 2118 misericordia
993 2075 1023 2120 et
1040 2082 1105 2121 me.

60 2157 138 2209 moria
161 2155 352 2209 dulcissimae
375 2136 610 2208 conversationis
628 2168 698 2206 suae
715 2153 832 2208 viscera
849 2169 914 2208 mes
935 2157 1103 2226 concussit,

61 2231 227 2300 ermonem
249 2244 303 2298 vix
326 2251 457 2316 unquam
484 2241 528 2296 sic
551 2241 772 2298 contemserint.
807 2242 865 2298 Sed
889 2251 964 2298 cute
978 2243 1107 2316 faciem
1134 2266 1139 2276 ·

39 2325 41 2334 '
61 2336 208 2390 maiorum
224 2330 351 2389 tollitur
357 2333 487 2400 justus,
513 2337 543 2384 et
558 2331 664 2385 intrat
679 2331 714 2386 in
731 2333 890 2406 requiem:
915 2335 1011 2389 toties·
1023 2336 1104 2392 scili.

62 2425 272 2490 remetimur,
297 2433 452 2493 autequam
467 2420 561 2500 semei
579 2421 753 2476 moriamur.
788 2422 854 2491 Ego
873 2425 1007 2480 succedo
1024 2443 1106 2482 nunc

62 2511 86 2566 in
105 2513 280 2574 haereditate
302 2513 447 2580 nominis,
472 2521 505 2566 ut
525 2510 624 2565 senior
648 2507 705 2565 sim
732 2512 794 2566 iere
812 2499 963 2570 Lutherus
989 2515 1018 2571 iu
1037 2533 1107 2574 meu

63 2607 162 2662 similia.
197 2603 277 2660 Mihi
296 2597 417 2675 quoque
428 2617 509 2656 nuuc
526 2599 652 2656 debetur
667 2617 728 2654 uon
745 2601 843 2656 solum
859 2621 965 2674 cesus,
984 2608 1037 2662 sed
1048 2608 1106 2678 jus

62 2698 189 2765 sequendi
207 2711 277 2749 eum
294 2707 346 2765 per
361 2691 535 2761 mortemin'
552 2705 675 2758 regnum
688 2689 815 2758 Christi,
834 2694 915 2764 quod
932 2695 1020 2751 uobis
1039 2711 1105 2754 orn.

63 2785 136 2842 nibus
152 2785 320 2852 benigniter
336 2780 480 2835 concedat
498 2779 562 2852 ille,
584 2787 708 2850 propter
724 2795 814 2850 quem
832 2799 934 2838 sumus
950 2786 1106 2842 misembi.

64 2871 140 2930 liores
157 2875 273 2938 cunctis
290 2871 479 2928 hominibus.
492 2877 531 2938 ¹et
548 2868 639 2946 totius
655 2869 757 2948 mundi
773 2872 979 2942 opprobrium.
1012 2876 1107 2947 Igitur

61 2963 111 3034 jam
123 2967 235 3022 tristior
251 2964 336 3018 latirus
348 2977 408 3018 nou
420 2959 539 3027 scribo,
557 2959 625 3030 quis
645 2959 761 3028 dignum
780 2971 828 3016 est
844 2973 873 3017 et
886 2963 986 3034 pium,
1002 2965 1107 3037 lugere
1166 2959 1174 2964 ’

65 3069 104 3107 me
120 3055 207 3116 filium
229 3053 319 3108 talem
335 3060 504 3122 parentem,
531 3063 568 3126 ex
586 3061 649 3118 quo
668 3047 806 3119 suscepit.
816 3066 864 3106 me
883 3051 973 3110 Pater
989 3055 1107 3112 miseri.
1167 3045 1169 3049 ¹

65 3145 167 3200 cordiae
185 3155 216 3199 et
231 3135 285 3214 per'
302 3139 366 3211 ejus
383 3138 510 3194 sudores
528 3135 597 3213 aluit
613 3145 643 3190 et
660 3135 760 3206 duxit,
785 3140 896 3211 qualis,
913 3143 1008 3214 qualis
1026 3163 1105 3205 sum.

67 3217 177 3290 Gaudeo
196 3233 287 3302 sane,
300 3231 413 3286 vixisse
432 3244 500 3295 eum
518 3227 547 3282 in
559 3225 635 3280 hoec
652 3235 802 3297 tempora,
818 3243 851 3286 ut
866 3233 963 3288 iucem
975 3237 1106 3294 veritatis

68 3325 175 3383 videret.
208 3307 389 3396 Benedictus
407 3313 548 3374 Deussin
573 3300 711 3376 ominibus
733 3318 820 3374 factis
845 3331 877 3376 et
892 3326 1025 3389 consiliis
1043 3329 1106 3392 suis

69 3413 92 3466 in
111 3423 272 3480 aeternum,
302 3406 409 3492 Amen.
442 3403 609 3460 Aiias‘aiia.
636 3403 743 3466 'seluta
760 3423 864 3467 omnes
880 3401 1010 3472 nostres.
1042 3418 1106 3477 Dis

68 3501 121 3575 ipso
134 3505 347 3574 Pentecostes,
364 3515 442 3555 suno
452 3492 627 3552 *Mnxxn

619 3615 709 3692 rIf,
724 3621 1067 3726 vhinrtinus‘Luthcr'D,
1168 3634 1173 3640 '
1266 3615 1270 3622 ¹
