2654 4612
228 289 289 355 tna
553 316 559 332 κ
716 293 808 362 aran.
845 383 851 394 ⁵
903 255 906 262 ’

225 451 335 506 saltem
350 451 418 524 ipso
434 465 527 525 opere
544 463 575 510 et
590 452 739 526 patientia.
774 453 802 508 st
826 461 923 508 autem
940 451 969 507 vi
985 465 1129 507 mannum
1145 451 1298 519 cogerent

226 540 301 594 ad'
288 540 501 612 Jej,unandum
534 543 651 598 scilicet
683 543 843 600 auferendo
867 543 975 612 cilios,
1008 551 1058 597 aut
1086 541 1228 612 alligando
1264 542 1319 610 in,

225 644 368 701 carcere,
389 641 458 688 tuto
475 631 621 688 toleratur
636 633 662 699 1)
681 635 809 704 malum,
836 635 919 688 nullo
943 647 1097 730 consensu
1106 631 1217 736 operis
1243 631 1319 686 aut*

223 719 322 775 verbo
339 720 448 778 addito.

290 810 349 866 llic
365 827 440 868 vero
457 813 531 869 mihi
550 807 744 884 cogitationes
763 812 918 897 oriuntur,
938 830 977 867 ne
993 809 1194 896 periclitemur
1211 811 1298 866 falla.
1318 811 1319 854 l

224 900 289 958 ciis'
304 913 334 958 et
340 893 439 959 fucis
464 919 589 974 eorum,
623 905 741 960 scilicet
764 904 790 960 si
815 904 1025 976 praetendant,
1052 901 1231 969 Caesarem,
1262 913 1319 976 utI

226 991 403 1062 Caesarem,
422 1011 456 1050 se
469 1011 562 1062 vero,
578 1006 612 1050 ut
622 995 781 1068 Principes
791 1036 801 1064 ,
818 995 896 1050 velle
913 993 980 1049 talia
997 993 1100 1061 statui,
1118 1002 1166 1049 aut
1182 995 1296 1048 statuta
1318 979 1319 1028 3

223 1081 350 1144 retineri
370 1083 409 1138 ab
423 1083 579 1152 Ecclesia,
603 1102 666 1140 non
687 1094 722 1140 ut
745 1083 782 1139 ab
798 1084 954 1155 Ecclesia,
978 1084 1032 1139 sed
1053 1094 1086 1139 ut
1106 1099 1122 1136 a
1145 1082 1294 1151 subditis,

122 1207 125 1217 ι
223 1173 288 1240 etl)
305 1174 368 1230 hoc
382 1184 543 1248 praetextu
558 1185 650 1231 totam
668 1177 746 1231 illam
762 1177 946 1248 tyrannidem
963 1175 1148 1230 contusionis
1162 1175 1296 1230 resusci.
1318 1191 1319 1194 ¹

175 1313 178 1321 .
222 1270 286 1320 tare
311 1275 342 1320 et
359 1265 567 1332 confirmare,¹
565 1281 617 1320 ac
641 1267 686 1321 sic
702 1265 875 1322 Ecclesiam
897 1265 1089 1320 nihilominus
1113 1267 1319 1336 oppressam]

150 1398 152 1410 .
223 1362 255 1408 et
271 1349 437 1441 suhjectarn
453 1345 620 1428 episcopali
636 1345 785 1440 potestate
802 1356 925 1411 habere.
1318 1345 1319 1372 l

288 1445 346 1499 Hic
359 1463 415 1514 ego
428 1447 545 1513 sentio,
563 1445 663 1502 diuina
676 1447 831 1502 autoritate
842 1444 870 1513 ³)
883 1445 1053 1520 prohiberi,
1070 1463 1107 1502 ne
1120 1444 1174 1500 illis
1188 1433 1319 1500 creda

223 1551 312 1604 tuus,
330 1536 399 1607 quia
416 1535 555 1594 Christus
573 1537 741 1608 prohibet
733 1538 859 1609 impium
876 1548 908 1593 et
924 1537 1118 1610 peccatorem
1134 1551 1191 1608 pro
1203 1536 1319 1607 justo

223 1641 407 1695 agnoscere,
420 1626 482 1682 *nisi
496 1627 650 1682 manifeste
663 1627 979 1700 poenituerit,'Mattl1.
991 1627 1118 1682 xuni:
1137 1625 1164 1680 Si
1180 1625 1293 1682 Eccle.
1318 1633 1319 1692 i

222 1715 297 1773 siam
314 1735 377 1771 non
394 1716 539 1785 audierit,
556 1717 597 1772 'sit
613 1718 666 1774 tibi
685 1718 764 1773 sicut
782 1719 921 1772 ethnicus
943 1729 981 1780 et,
989 1717 1175 1788 publicanus.
1210 1717 1291 1773 Cum
1318 1725 1319 1796 j

221 1805 310 1878 igitur
324 1807 471 1880 Episcopi
489 1808 642 1865 manifeste
661 1808 720 1863 sint
738 1807 781 1862 rei
799 1809 943 1863 conliasae
967 1808 1053 1863 istius
1071 1801 1232 1880 tyrannidis
1259 1819 1291 1862 et
1318 1839 1319 1846 ι

132 1905 135 1912 ⁴
221 1913 386 1970 oppressae
403 1897 581 1966 Ecclesiae,
597 1915 658 1955 non
675 1899 746 1953 licet
767 1899 810 1953 eis
829 1899 976 1966 credere,
988 1899 1046 1954 nisi
1064 1898 1241 1968 poenitentia
1256 1889 1289 1964 ⁴)
1318 1907 1319 1938 l

220 1989 376 2044 manifesta
393 1989 521 2058 primum
532 1979 557 2053 ⁵)
576 1987 753 2056 resciderint
770 1997 800 2043 et
817 1987 1020 2044 damnaverint
1034 1988 1114 2054 leges
1129 1988 1243 2058 priores
1255 1996 1290 2042 et
1318 2025 1319 2068 y

220 2077 378 2132 universas
397 2093 446 2132 res
458 2086 557 2146 gestas
575 2094 615 2134 ex
627 2078 750 2132 confusa
766 2077 929 2149 tyrannide.
965 2075 1057 2151 Quod
1072 2079 1098 2132 si
1109 2077 1288 2146 detrectent,
1318 2103 1319 2148 i

166 2189 179 2212 ν
221 2156 338 2222 clanim
355 2177 417 2234 est,
438 2183 491 2222 eos
500 2167 588 2250 yelle
606 2167 829 2239 impoenitentia
849 2177 879 2223 et
896 2167 1069 2238 impunitate
1086 2165 1232 2237 gaudere,
1256 2176 1289 2222 et
1318 2219 1319 2232 ,

221 2273 329 2338 omnes
347 2238 583 2314 abominationes
601 2273 672 2313 suas
690 2259 760 2314 dolo
786 2269 816 2313 et
833 2259 934 2314 fraude
956 2259 1136 2326 restituere,
1155 2267 1186 2312 et
1201 2274 1288 2312 men.

220 2346 287 2416 tiri,
306 2361 357 2416 se,
373 2358 408 2402 ut
417 2347 591 2419 Principes
609 2363 663 2402 seu
678 2349 847 2426 Caesarem,
862 2358 896 2402 ut
913 2347 1081 2416 Caesarem,
1100 2347 1285 2420 praecipere.

285 2435 466 2492 Videamus
459 2439 564 2504 agitur,
581 2437 739 2508 quomodo
744 2447 833 2492 caute
846 2437 1032 2493 ambulemus
1047 2454 1115 2506 erga
1127 2438 1198 2506 eos,
1216 2423 1319 2509 quial

135 2587 138 2596 ¹
220 2526 302 2598 pleni
325 2537 395 2582 sunt
421 2527 504 2581 omni
527 2526 598 2581 dolo
622 2536 652 2583 et
675 2527 787 2583 fallacia
803 2529 864 2584 Der
882 2545 927 2583 sur
945 2528 1084 2596 Satanae
1108 2545 1146 2582 ne
1169 2525 1319 2616 aliquosy

218 2627 356 2674 nostrum
379 2617 617 2688 apprehendant,
644 2626 673 2671 et
693 2625 797 2686 postea
822 2617 957 2674 aculeum
984 2622 1015 2684 et
1035 2617 1288 2694 immedicabilem
1318 2627 1319 2694 l

220 2707 384 2778 singultum
400 2708 567 2780 relinquant
583 2709 619 2762 de
630 2707 769 2803 Ecclesia
782 2709 896 2791 perdita
904 2749 915 2778 ,
924 2705 967 2776 tp
970 2718 999 2764 et
1017 2709 1197 2766 reaedificata
1209 2702 1319 2765 abo.

194 2797 392 2854 ¹minutione
1318 2809 1319 2812 ’

284 2887 397 2946 Posset
408 2890 484 2945 haec
501 2890 583 2945 fraus
602 2887 641 2956 (si
660 2889 783 2944 omniuo
801 2889 934 2962 pervim
951 2888 1176 2952 obtrudereturl
1194 2890 1319 2966 etiam
1318 2897 1319 2922 l

221 2977 251 3034 in
274 2977 339 3034 hoc
363 2979 567 3050 deprehendi,
589 2975 621 3034 si
647 2978 836 3051 Episcopus
846 2979 1073 3052 Herbipoleusis
1093 2995 1160 3039 non
1183 2983 1287 3036 solum
1318 2983 1319 3022 l

139 3122 143 3128 .
219 3074 407 3154 praeciperet
431 3071 506 3138 illis,
529 3089 660 3144 quorum
680 3073 753 3126 Dux
779 3084 844 3140 est,
867 3073 919 3126 sed
943 3073 1030 3128 simul
1054 3069 1126 3142 illis,
1153 3087 1319 3170 quorum

218 3161 389 3234 Episcopus
409 3171 468 3218 est:
493 3163 537 3216 sic
555 3163 581 3217 si
597 3161 678 3232 Papa
697 3163 909 3236 praeciperet
897 3177 956 3217 non
975 3163 1073 3217 solum
1093 3161 1216 3220 subditis
1236 3143 1319 3232 suii

147 3276 152 3285 ι
220 3253 341 3308 domurn
355 3252 524 3324 temporalis
538 3261 596 3308 etc
606 3243 635 3319 7)
664 3240 814 3308 Hactenus
829 3253 955 3322 potestis
965 3253 1135 3308 concedere
1154 3263 1216 3306 tuto
1228 3272 1287 3324 po

218 3339 357 3398 testatem
369 3341 560 3396 traditionum
573 3335 744 3412 Episcopis.
780 3341 807 3395 Sl
820 3351 934 3400 tautum
945 3335 971 3406 ὃ)
985 3342 1104 3414 aliquo
1097 3334 1204 3409 f11009)
1222 3342 1319 3397 Ec

157 3489 162 3498 s,
206 3415 310 3498 ¹clesia
329 3431 566 3516 opprimeretur,
583 3431 637 3484 liei
639 3441 668 3484 et
684 3429 745 3484 hoc
762 3430 826 3486 sine
845 3448 996 3486 consensu
1015 3441 1044 3486 et
1060 3433 1149 3503 culpa
1162 3444 1285 3492 nostru:

218 3534 306 3594 atque
333 3521 440 3597 vellem
467 3521 494 3575 id
520 3537 572 3576 eos
599 3537 704 3589 urgere
730 3529 760 3574 et
766 3520 927 3590 exigere,
948 3531 981 3574 ut
1005 3535 1090 3576 more
1098 3523 1319 3602 Principum
1318 3519 1319 3564 l

218 3613 407 3670 admitterent
396 3623 444 3668 tur
456 3627 526 3688 cunt
542 3610 604 3667 suis
624 3609 849 3680 traditionibus,
868 3627 929 3672 non
944 3628 1029 3666 ruore
1041 3611 1284 3692 Episcoporum:
1318 3633 1319 3700 y

1122 3723 1127 3730 ·r
1318 3719 1319 3732 l

215 3732 748 3776 W*
990 3737 995 3750 ¹
1130 3755 1131 3760 ι
1318 3737 1319 3766 i

394 3786 397 3794 ¹
563 3803 566 3811 ι
1318 3769 1319 3812 l

265 3849 287 3898 t)
302 3845 326 3901 c.
342 3841 469 3891 toleretur.
519 3843 542 3894 u
561 3841 786 3894 eructaverint.
832 3823 859 3898 Ι3)
879 3843 1003 3897 Olfius.
1057 3816 1279 3904 listi-quodam.
1318 3839 1319 3916 J

214 3923 239 4044 ἓξ
254 3919 378 4048 gppppsy
429 3922 451 3970 6)
467 3919 493 3998 pl
507 3917 612 3988 prodita.
661 3917 685 3970 7)
705 3916 970 4010 (ηιιιιιιιῐειιιιιι.
1019 3921 1042 3968 8)
1062 3919 1086 3966 C.
1105 3919 1199 3981 editt
1219 3924 1280 3968 turn
1318 3951 1319 4010 y
