2614 4608
518 273 609 344 1533.
1030 273 1091 342 tst

57 431 137 502 posito
154 417 369 504 Megaesnrgr,
385 387 417 498 l)
443 441 474 490 et
494 449 611 490 morum
633 429 839 507 compensabo
861 434 946 506 copia
968 433 1091 508 scripu,
1180 519 1184 524 Ι

57 531 78 576 et
91 523 204 594 sperabo
221 523 292 580 boni
308 533 340 578 ct
355 523 442 594 grati.
1163 531 1169 543 ¹

103 665 239 729 Gratulor
253 637 367 726 victam
381 670 578 726 velmudinem
595 672 767 740 adversam,
785 679 815 728 et
828 673 995 730 restitutam
1012 671 1090 727 salu.

52 757 171 817 briorem.
204 761 343 818 Christus
359 773 390 818 te
401 757 706 816 ¹servet-incolumem
723 769 753 816 et
769 778 825 834 pro
841 778 891 817 me
908 773 1055 818 orantem.
1074 793 1083 802 -

99 905 196 964 Sermo
206 907 347 966 Worlicii
364 925 441 964 ame
451 907 573 964 babitus
589 923 722 963 excusus
740 916 804 978 est,
821 924 912 981 quem
924 907 978 963 hic
987 909 1088 980 pnitto.

48 993 111 1052 Nam
125 999 254 1071 reliquos
272 981 366 1055 libros
385 1007 520 1054 recenter
536 999 632 1056 editos
649 998 780 1055 arbitror
798 1007 829 1055 te
841 999 906 1070 jam
917 999 947 1066 1)
963 998 1089 1066 babere,

49 1087 101 1158 quia
114 1086 143 1155 ³)
162 1089 234 1146 mihi
250 1090 478 1160 persuasissima
494 1081 525 1156 ⁴)
551 1091 605 1146 est'
619 1089 759 1160 Magistri
778 1087 904 1160 Georgii
922 1087 1086 1160 diligentia,

47 1177 95 1232 ino
109 1189 279 1252 perspecta:
296 1179 350 1234 sed
368 1191 416 1247 tu,
433 1170 467 1244 ⁵)
485 1179 511 1235 si
529 1179 600 1251 qnid
617 1180 750 1236 nondum
766 1173 878 1249 habes,
897 1180 972 1236 mihi
990 1181 1088 1238 indica

46 1284 147 1338 quaeso.
179 1267 337 1336 Christum,
362 1279 395 1322 nt
417 1268 469 1324 hic
491 1251 623 1336 auditur,
646 1269 798 1342 percussit
821 1268 973 1324 inimicum
997 1285 1086 1326 suum
1160 1297 1164 1307 ·

44 1355 145 1428 Lipsiae
161 1347 355 1416 clamatorem
376 1359 407 1415 in
423 1359 490 1431 ipso
507 1368 649 1430 suggestu
665 1369 696 1416 et
718 1361 748 1416 iu
764 1357 865 1416 medio
881 1350 1085 1434 blasphemiae

44 1463 109 1504 suae.
123 1447 152 1518 *)
1154 1441 1158 1454 ’

94 1557 251 1668 llambnrgi
267 1589 301 1662 6)
317 1611 351 1654 se
364 1597 467 1676 ipsum
483 1598 616 1654 confecit
631 1568 800 1656 canonieus
816 1597 970 1671 insigniter
983 1557 1083 1654 lirare.⁸

40 1687 134 1754 gelum
149 1679 179 1753 ⁷)
197 1690 323 1755 odiens,
340 1697 371 1744 et
387 1688 495 1744 eodem
509 1698 646 1760 tempore
662 1689 908 1746 sacramentarius
930 1691 961 1746 in
978 1691 1083 1772 eadem
1192 1711 1206 1736 x

41 1776 141 1834 civitate
162 1795 196 1834 se
223 1778 323 1852 ipsum
345 1779 374 1834 in
392 1788 515 1850 puteum
538 1779 756 1850 praecipitavit:
781 1789 810 1834 et
831 1780 904 1836 licet
927 1797 1003 1852 aqua
1019 1797 1084 1838 uon

39 1869 97 1922 satis
113 1867 275 1940 profunda,
298 1877 328 1924 et
345 1869 381 1923 ad
399 1877 522 1942 puteum
539 1867 728 1925 currentibus
751 1879 782 1925 et
799 1870 839 1931 ad
855 1870 1012 1928 Christum
1028 1887 1083 1926 vo.

38 1957 165 2029 cantibus,
182 1959 291 2014 volens
302 1967 401 2014 tamen
412 1957 442 2012 io
454 1959 578 2014 dorsum
590 1958 750 2014 reclinatus
760 1959 914 2016 suffocavit
925 1955 1082 2032 scipsum,

37 2061 217 2106 contemnens
240 2039 365 2117 auxilia,
381 2041 412 2116 8)
436 2065 512 2120 quae
530 2049 557 2102 ei
574 2047 813 2106 demittebantur.
846 2047 917 2106 Vox
935 2051 1083 2122 eJuscrut
1137 2028 1148 2050 ⁴

35 2138 116 2196 indae
128 2139 291 2196 simillima:
308 2138 429 2212 Decepi
435 2138 563 2208 multos,
575 2137 645 2194 ideo
656 2149 723 2194 non
733 2146 872 2212 estspes.
888 2140 946 2196 .Sic
953 2151 1083 2214 pereant

34 2229 127 2287 inimici
144 2231 203 2300 tui,
220 2229 371 2300 Domine,
388 2229 630 2302 quandoquidem
645 2221 678 2294 9)
705 2232 837 2286 scientes
855 2240 885 2286 et
902 2226 1084 2306 prudentes,'

34 2322 242 2394 blasphemandi
263 2322 378 2388 nullum
400 2335 499 2391 neque
516 2320 605 2374 linem
627 2335 726 2392 neque
748 2322 872 2377 modum
896 2322 1033 2390 faciunt,·
1048 2333 1080 2379 et

34 2425 121 2470 erecto
138 2411 219 2468 collo
237 2411 382 2468 adversus
398 2409 504 2466 Deum
519 2401 654 2464 cunun't.

84 2557 312 2616 commendabis
329 2573 377 2614 me
388 2555 582 2628 Principibus
598 2556 657 2612 tuis
675 2557 795 2631 optimis
811 2545 1077 2639 etsincerissimie,¹

31 2650 125 2719 quibus
150 2649 329 2721 otio‘oapto
359 2639 528 2702 timuimus
555 2646 694 2702 scribam.
737 2645 876 2706 Christus
889 2651 939 2708 sit
957 2659 1076 2712 tecum.

30 2741 127 2796 Salutat
144 2749 174 2796 te
189 2753 277 2794 meus
292 2737 445 2794 Dominus
462 2736 500 2802 ¹⁰)
517 2735 614 2792 Ketba
631 2747 821 2808 reverenter,
838 2735 942 2810 orans,
962 2751 995 2798 ut
1010 2759 1078 2800 ora-

28 2831 96 2884 tione
112 2839 163 2886 tua
186 2845 253 2884 eam
264 2829 374 2899 juves,
399 2827 512 2884 scilicet
529 2826 657 2882 vicinam
678 2828 783 2902 partui.
816 2830 920 2892 Altera
934 2831 1076 2904 ianuar„

28 2916 234 2978 Muxxxltl.

651 3047 691 3105 Τ.
705 3045 859 3107 Murtinus
877 2991 1063 3111 numerun-
1151 3053 1158 3072 ³

61 3571 487 3633 slanstesteuageeeergent.
532 3572 555 3625 2)
567 3568 703 3623 A.-iatu.
745 3567 896 3642 Melete.
939 3571 1072 3632 ΗΜ.

24 3660 89 3699 nasa.
140 3646 205 3704 Stil
218 3654 308 3695 tanen
358 3649 380 3698 6)
398 3649 427 3696 Α.
441 3649 496 3694 ste.
510 3645 667 3701 bambergae.
715 3643 812 3697 vste.
824 3645 925 3706 lustrale
939 3641 1071 3707 evangelie

21 3727 39 3776 t)
49 3727 100 3773 Str.
115 3725 183 3778 feu
204 3761 207 3766 .
231 3726 255 3778 9)
268 3723 323 3769 Str.
336 3723 486 3780 qumdoque
536 3723 571 3774 tt)
584 3716 687 3782 ttnml
698 3717 810 3768 Domine.

23 3865 246 3887 w

61 3985 84 4036 η
97 3967 134 4033 er
147 3976 201 4035 eat
215 3977 348 4036 set-seu
374 3976 407 4029 e.
421 3973 535 4033 uuae
621 3935 626 3944 ’
