2640 4606
519 269 611 340 esst.
704 369 707 376 ἱ
763 313 765 320 ,
842 289 844 296 ·
1029 268 1095 350 ,su

104 431 253 490 Antelios
270 450 363 492 annos
382 434 438 492 fuit
452 436 552 508 magni
568 433 679 506 negotii
696 442 726 490 et
743 431 870 504 ingentis
886 437 1021 497 sumtus,
1033 429 1097 500 ali.

55 535 127 590 quem
141 535 292 604 mortuum
309 527 492 582 monachum
509 525 699 585 canonisare:
721 533 751 578 at
766 531 848 580 trunc
864 521 947 578 nulia'
960 523 1007 576 via
1019 521 1098 594 ,iaci

54 611 171 683 liorem,
188 617 276 670 etiam
292 617 380 672 vivos
396 617 537 682 Nerones
556 627 586 670 et
603 617 750 687 Caligulas
767 614 981 684 cononisandi,
1006 627 1097 686 quam

53 703 135 760 odium
152 706 182 760 in
199 707 377 762 Lutherum.
410 707 518 764 Oderit
535 717 564 762 et
574 708 690 763 fortiter
700 707 856 772 maledicat
866 705 971 778 aliquis
982 703 1097 760 Luthe.

52 809 116 862 turn,
138 805 169 854 et
184 813 259 854 mox
276 808 313 852 eo
331 799 414 854 sacto
431 807 551 854 sanctus
568 807 634 866 est,
660 815 752 868 paene
775 797 880 856 similis
905 795 1096 852 sanctissimo

52 882 169 942 Domino
196 899 320 957 nostro,
346 904 437 943 servo
461 903 620 944 servorum
639 887 711 942 Dei,
745 886 827 962 Quis
852 896 951 942 autem
976 883 1096 952 credat,

52 975 134 1031 odium
150 978 181 1032 in
197 977 368 1034 Lutherum
386 995 456 1053 esse,
471 995 535 1034 rem
557 987 619 1034 tam
637 989 810 1052 potentem,
834 967 894 1030 tam
916 975 1097 1034 secuudum?

50 1067 111 1133 parit
126 1085 199 1140 opes
218 1069 307 1124 etiarn
324 1070 396 1140 ipsis
413 1068 576 1136 mendicis,
591 1069 656 1146 imp
669 1069 756 1138 talpis
769 1078 800 1123 et
810 1068 907 1139 ranis,
925 1065 1001 1138 parit
1014 1067 1099 1119 savo.

50 1171 100 1210 rem
111 1155 285 1232 Principum
302 1169 332 1216 et
343 1159 483 1229 Regum,
501 1160 579 1230 pwit
593 1158 776 1232 praebendas
790 1168 821 1213 et
832 1157 1004 1228 dignitates,
1022 1154 1099 1227 parit

49 1245 244 1320 episcopatus,
260 1251 335 1322 parit
352 1251 441 1306 etiam
459 1253 632 1322 opinionem
648 1249 792 1305 scientiae
805 1258 836 1303 et
847 1247 999 1304 doctrinae
1011 1245 1099 1318 ipsis.

49 1336 118 1392 simis
140 1341 249 1408 asinis,
276 1342 352 1412 parit
375 1342 559 1397 autoritatem
581 1341 729 1400 scribendi
753 1339 847 1396 libros
872 1337 1100 1410 mammarium,

48 1427 147 1483 tandem
163 1431 236 1502 parit
256 1431 344 1486 etiam
362 1433 471 1500 gloriae
489 1441 519 1488 et
535 1432 680 1488 victoriae
696 1445 841 1488 coronam
860 1429 888 1484 in
909 1427 1001 1484 coelis
1020 1443 1100 1484 sem.

47 1517 188 1585 piternam.
223 1522 336 1578 Verum
359 1523 436 1580 beuu'
461 1537 586 1588 omnes,
612 1521 664 1594 qui
685 1521 813 1578 oderunt
829 1519 1015 1589 Lutherum,
1040 1517 1094 1590 ¹qui

46 1611 157 1678 tamvili
176 1622 205 1666 et
221 1612 298 1666 facili
316 1631 406 1686 opera
425 1613 520 1670 tsirtas
535 1630 583 1668 res
596 1613 685 1668 simul
697 1609 914 1684 assequuntur,
933 1628 1006 1683 quas
1018 1611 1099 1666 nulle

47 1700 191 1769 sapientia,
218 1704 310 1757 nrdlis
335 1703 495 1776 virnrtibus
523 1711 630 1758 ornnes
656 1701 902 1758 excellentissimi
928 1701 984 1755 viri
1009 1697 1099 1754 simul

45 1773 152 1862 assequi
171 1803 313 1861 possent,
331 1811 369 1847 ne
384 1791 522 1848 Christus
540 1793 661 1864 quidem
679 1805 749 1846 cutm
766 1790 916 1866 universis
933 1791 1098 1859 ruiracnlis,

45 1883 97 1932 tum
113 1880 193 1948 suis,
211 1894 274 1937 turn
293 1881 512 1954 Apostolorum
531 1893 560 1937 et
578 1885 712 1936 omnium
729 1881 907 1936 Sanctorum
925 1893 1062 1934 suorum.
1146 1946 1149 1958 ὁ
1175 1933 1177 1944 ,

97 2017 152 2074 Sed
178 2020 223 2076 sic
255 2021 415 2091 implentur
441 2021 624 2096 scripturae:
645 2018 757 2100 *Beati
779 2019 836 2094 qui
858 2024 1098 2092 persequuntur

43 2103 229 2180 Esther-um,
257 2105 409 2186 qnoniam
426 2111 573 2183 ipsorum
590 2116 638 2166 est
654 2125 792 2184 rcqnum
809 2107 989 2164 coelorum:
1013 2105 1099 2164 beati

41 2199 122 2270 estis,
146 2201 205 2276 qui
220 2201 411 2258 maledicitis
428 2209 459 2255 et
476 2219 569 2256 omrse
584 2196 707 2262 molum
724 2198 832 2256 dicitis
853 2200 1009 2264 adversus
1025 2197 1098 2264 Lae

42 2287 174 2362 ther-um,
197 2291 334 2367 paudere
360 2301 389 2347 et
411 2293 555 2347 exultate
578 2292 612 2346 in
636 2291 692 2346 illo
714 2289 781 2360 die,
807 2285 960 2364 quoniam
977 2307 1098 2358 meroes

41 2389 138 2438 uestra
155 2384 286 2456 copiosa
305 2383 403 2439 estin
420 2384 526 2442 coelis.
561 2384 615 2438 Sic
628 2383 712 2438 em'm
720 2381 875 2451 fecerunt
886 2388 916 2436 et
927 2381 1097 2454 Apostolis

41 2479 65 2524 et
74 2473 197 2530 sanctis
209 2473 383 2546 Episcopis
390 2515 399 2543 ‚
417 2473 565 2548 ,iohanni
575 2475 649 2528 Hus
661 2481 691 2545 et
701 2469 874 2540 sirnilihus,
890 2471 948 2548 qui
954 2468 1099 2542 fuerunt

39 2569 104 2618 aute
120 2563 314 2620 Lutherum.
350 2564 423 2618 ideo
441 2565 515 2620 mihi
533 2565 630 2620 adhuc
648 2563 816 2619 consultius
832 2561 969 2630 videtur,
986 2567 1097 2620 utnon

39 2656 249 2725 respondeam,
275 2656 328 2711 sed
353 2656 558 2710 testimonium
581 2669 683 2709 ursum
707 2653 743 2708 de
759 2648 889 2710 Erasmo
914 2652 1097 2725 relinquam,

39 2743 117 2799 etiarn
135 2745 231 2819 ipsius
248 2761 358 2812 causa,
386 2759 419 2814 ut
442 2747 561 2802 tandem
587 2744 761 2800 absolvatur
784 2743 821 2800 ab
847 2745 900 2800 ista
925 2759 1013 2813 cura,
1037 2760 1097 2816 qua

37 2833 136 2891 misere
162 2835 228 2906 angi
255 2853 289 2890 se
318 2835 470 2908 queritur,
499 2839 608 2907 ne'mpe
634 2833 715 2907 quod
739 2833 932 2890 Lutheranus
957 2833 1097 2890 habetur.
1175 2897 1187 2916 l

38 2921 128 2996 Nam,
154 2927 230 2982 vivit
247 2927 403 2993 Christus,
430 2942 566 2997 magnam
583 2926 695 2981 faciunt
712 2927 738 2979 ei
758 2926 916 2997 injuriam,
940 2935 970 2982 et
994 2925 1097 2982 defen.
1170 2917 1174 2941 ‘

37 3001 143 3072 dendus
168 3025 216 3073 est
240 3018 312 3074 milri
338 3027 443 3072 corrtra
467 3017 575 3072 hostes
601 3017 690 3086 ejus,
716 3017 767 3088 qui
794 3033 863 3072 eum
887 3015 1095 3072 Luthersnum

38 3114 190 3174 accusant,
209 3121 279 3162 oum
297 3108 352 3174 sit,
371 3123 420 3160 rne
437 3107 525 3160 nimis
542 3119 627 3161 certo
645 3115 673 3160 et
692 3099 769 3160 fideli
786 3116 881 3174 teste,
902 3105 985 3161 mulo
1001 3106 1094 3162 modo

35 3187 234 3265 Lutherar'rus,
246 3199 304 3252 'sed
322 3195 465 3252 Erasmus
484 3208 607 3253 tantum.

90 3309 256 3399 Ego‘sane
282 3330 409 3404 optarim
423 3338 530 3384 ‘totum
548 3325 709 3382 Erasmum
733 3342 802 3390 esso
819 3345 839 3382 e
852 3327 963 3384 nostris
980 3315 1092 3384 scholis
1112 3317 1114 3322 ’

37 3419 206 3489 explosum:
231 3437 300 3476 nem
325 3421 351 3476 si
373 3421 457 3475 etiam
475 3437 534 3476 nou
554 3427 637 3480 esset
653 3417 869 3490 perniciosius,
895 3429 994 3474 tamen
1018 3418 1093 3474 nihil

37 3519 75 3563 est
91 3509 190 3580 utilis,
216 3511 311 3566 nullas
330 3528 379 3566 res
396 3511 485 3565 docet
503 3523 549 3562 aut
568 3519 681 3562 tractat.
717 3508 784 3562 Nec
800 3508 923 3582 expedit
939 3509 1092 3579 juventuti

34 3600 209 3658 christianae
226 3617 406 3660 assuescere
424 3601 494 3656 lruic
513 3599 690 3656 Erasrnicae
713 3599 844 3656 dictioni.
877 3600 989 3656 Disoet
1014 3601 1094 3658 enim

35 3690 66 3744 de
82 3694 163 3748 nulla
181 3681 215 3750 re
232 3694 314 3748 serio
333 3705 360 3747 et
377 3693 505 3763 graviter
521 3691 607 3763 loqui
621 3702 671 3746 aut
688 3691 836 3760 cogitare,
861 3692 914 3746 sed
932 3701 1054 3766 tantum,
1063 3693 1093 3747 in

33 3784 141 3849 graculi
159 3799 213 3840 seu
229 3783 420 3856 ,spermologi
441 3798 559 3840 morem
585 3799 692 3852 omues
715 3781 788 3852 alios
814 3781 984 3851 ridere„et
1006 3782 1098 3853 plano

33 3872 104 3929 aliud
122 3875 195 3930 nihil
214 3890 302 3945 quarn
318 3873 489 3934 morionari.
523 3872 588 3931 Hac
604 3888 678 3926 vero
695 3871 811 3926 levitate
828 3881 858 3928 et
874 3861 1001 3927 vanitate
1023 3889 1094 3944 pau.

31 3964 107 4022 latim
121 3964 282 4036 ¹desuescit
298 3981 314 4018 a
330 3947 491 4034 religione,
518 3962 616 4018 donec
634 3961 810 4030 abhorreat,
836 3973 865 4015 et
887 3964 1005 4032 penitus
1024 3979 1094 4034 pro.

1084 4147 1093 4201 i
