2692 4612
238 299 280 370 ιι
389 371 392 382 ,
587 365 598 386 ,
724 299 818 370 ιιιο.

238 419 391 550 luporum,
406 460 628 538 periculorum,
645 459 882 532 lachrymarum,
898 469 934 518 ut
949 457 1075 532 indignis
1087 449 1299 516 mndlsvidear

166 567 168 572 ·
236 551 327 608 vobis
345 549 498 620 addere‘¹)
520 568 590 607 meo
614 549 732 630 silentio
750 551 893 607 dolorem
920 567 1014 622 super
1036 550 1192 620 dolorem,
1216 549 1299 621 quasi

237 642 293 698 ista
310 643 443 712 ignorem
461 659 535 711 ego,
553 651 602 696 aut
618 657 674 711 ego
692 640 742 698 hic
758 641 837 696 inter
853 643 942 696 rosas
956 641 1075 697 sedeam
1084 635 1142 708 ,et
1158 637 1233 694 nihil
1249 653 1300 692 cu.

237 737 338 790 rurum
354 732 447 790 feram
464 731 632 786 vobiscum.
667 733 768 802 Atque
785 717 895 786 utinam
912 745 996 785 meae
1014 745 1122 786 causae
1141 737 1243 784 essent
1259 739 1300 783 ta.

236 821 300 902 les,
319 837 395 892 quae
405 821 572 891 lachrymas
585 821 715 876 sinerent
726 821 828 876 liuere.
862 818 967 890 1m02)
981 829 1011 876 et
1022 837 1095 890 ego,
1110 807 1169 876 nisi
1181 815 1300 890 vesperi

236 909 298 966 huc
309 907 337 978 3)
354 911 508 991 uenissent
523 909 626 966 literae
637 903 805 977 livestrae
823 909 888 964 illae
906 911 1024 982 priores
1040 910 1076 964 de
1089 910 1216 964 aduentu
1228 909 1302 963 Cae.

238 1002 331 1070 saris,
349 970 519 1056 fixumirat
530 1000 621 1056 altera
633 1000 680 1055 dis
694 997 813 1054 mittere
829 1001 984 1070 nuntium,
1002 1015 1070 1054 meo
1088 999 1183 1072 ipsius
1201 1009 1302 1054 sumtu

238 1092 367 1158 advos,
384 1081 414 1158 ⁵)
433 1079 645 1158 ut'rescirem,
665 1090 860 1158 viveretisns,
885 1107 921 1145 an
937 1089 1050 1160 mortui
1066 1089 1199 1150 essetis?
1232 1089 1303 1144 Hoc

175 1195 179 1206 ·
237 1182 394 1238 testabitur
412 1181 459 1236 M.
474 1181 579 1247 Vltus,
605 1190 635 1236 et
659 1191 758 1236 tamen
784 1181 877 1237 credo
902 1193 1008 1238 omnes
1032 1193 1148 1236 vestras
1169 1177 1259 1234 nobis
1275 1170 1303 1244 ⁶)

239 1279 307 1331 esse
325 1271 462 1328 redditas.
495 1269 576 1327 Nam
592 1271 677 1339 illae,
696 1282 771 1343 quae
788 1272 909 1326 tandem
923 1271 1005 1327 tarde
1023 1269 1181 1328 veniebant
1198 1269 1234 1324 de
1254 1267 1304 1324 ad.

238 1369 332 1418 ventu
355 1374 385 1416 et
407 1363 543 1430 ingressu
559 1361 715 1427 Caesaris,
740 1361 829 1416 simul
851 1361 916 1418 fere
939 1369 1095 1418 venerunt.
1121 1355 1189 1415 'Sed
1213 1359 1304 1416 luerit

238 1449 315 1508 haec
333 1454 390 1507 Ate
406 1444 502 1522 vel-l)
520 1453 606 1507 Satan
623 1451 744 1524 aliquis:
763 1453 818 1510 uui
834 1451 884 1516 hul
901 1450 973 1514 litui
989 1455 1048 1510 tuus
1065 1463 1092 1510 et
1110 1449 1193 1513 luith
1212 1446 1270 1514 loll.

304 1569 421 1640 Accepi
437 1567 615 1640 Apologiam
628 1578 776 1635 vestram,
794 1555 935 1622 et'miror
952 1565 1023 1637 quid
1039 1565 1142 1633 velis,
1152 1564 1202 1618 ubi
1214 1563 1303 1634 petis,

238 1659 310 1732 quid
328 1669 358 1714 et
375 1667 517 1732 quantum
542 1659 581 1714 sit
606 1659 774 1713 cedendum
797 1655 996 1730 pontificibus.
1029 1656 1080 1710 De
1098 1651 1239 1726 Principe
1258 1662 1304 1709 est

240 1749 294 1804 alia
310 1745 467 1820 quaestio,
482 1747 564 1819 ,quid
581 1747 620 1806 illi
639 1747 866 1802 concedendum
881 1737 912 1814 8)
930 1745 986 1813 sit,
1012 1745 1037 1800 si
1053 1743 1125 1799 huic
1140 1735 1167 1810 ⁹)
1184 1743 1305 1816 pericu.
1333 1807 1334 1814 ἵ

238 1839 300 1895 lum
319 1839 497 1911 impendeat.
514 1837 552 1904 ¹⁰)
585 1836 648 1893 Pro
664 1853 732 1892 mea
748 1852 877 1908 persona
895 1835 961 1906 plus
978 1834 1048 1890 satis
1073 1849 1194 1890 cessum
1211 1835 1304 1889 estin
1333 1873 1334 1888 .

239 1930 297 1986 ists
315 1927 479 2002 Apologia,
497 1943 587 2000 quam
604 1927 803 1994 sla-seusam,
820 1924 892 1980 nihil
910 1924 1014 1991 video,
1031 1923 1102 1997 quid
1116 1923 1156 1990 ¹¹)
1174 1925 1303 1996 amplius
1333 1913 1334 1986 i

154 1997 158 2023 ’
237 2021 345 2076 cedere
369 2018 511 2092 possim,
530 2017 586 2073 nisi
612 2016 717 2072 videro
740 2031 846 2071 eorum
871 2015 1001 2070 rationes
1022 2025 1052 2070 et
1073 2015 1112 2082 12)
1138 2014 1334 2084 scripturas

239 2111 403 2178 clariores,
431 2124 520 2181 quam
545 2109 704 2164 hactenus
717 2106 787 2162 vidi.
820 2105 887 2176 Ego
913 2106 976 2160 dies
1001 2115 1031 2161 et
1056 2114 1162 2160 noctes
1189 2105 1220 2160 in
1247 2105 1334 2161 ista

237 2217 325 2258 causa
342 2213 467 2267 versor,
494 2198 646 2268 cogitans,
672 2198 817 2262 volvens,
844 2197 994 2267 disputans
1011 2203 1151 2252 ettotam
1169 2195 1305 2268 Scriptu·

237 2309 300 2380 ram
319 2294 465 2362 lustrans,
487 2299 518 2344 et
535 2289 669 2358 augescit
684 2285 758 2341 mihi
774 2281 892 2342 assidue
905 2283 968 2354 13)
962 2301 1025 2358 ipsa
1036 2277 1076 2352 ¹²⁸)
1093 2299 1147 2356 πλη
1146 2287 1252 2362 faurpis
1263 2279 1303 2352 ¹⁵)

150 2380 153 2398 '
238 2383 269 2438 in
287 2383 342 2438 ista
358 2380 494 2437 doctrina
512 2389 632 2446 nostra,
659 2385 690 2432 ει
712 2376 876 2458 confirmor
892 2367 986 2446 magis
1005 2391 1039 2432 ac
1061 2370 1169 2445 magis,
1195 2359 1248 2441 lui
1265 2376 1305 2443 in

239 2477 293 2531 mir
318 2472 369 2538 (οι
387 2471 458 2531 ortt
475 2468 554 2534 uili)
579 2481 618 2528 nu
643 2469 729 2536 statut
753 2468 825 2532 ntia
848 2468 920 2526 nait
936 2461 1048 2533 utinm
1066 2463 1166 2584 inlitu(
1192 2467 1222 2524 at
1240 2466 1306 2538 Ache

239 2561 351 2628 utilas.
370 2561 420 2620 nit
437 2563 467 2617 ιι
483 2558 568 2618 nolit

242 2673 246 2680 '
306 2674 465 2748 Principi
452 2673 584 2745 juniori,
600 2672 743 2744 utpetis‚
764 2672 958 2742 scripseram,
981 2672 1035 2728 sed
1051 2672 1180 2728 lacerari
1198 2688 1307 2730 rursus

240 2767 358 2836 liturus,
382 2776 537 2834 metuens,
561 2781 599 2821 ne
617 2779 775 2822 moverem
792 2764 838 2818 isti
854 2755 917 2829 ¹⁶)
910 2763 1027 2833 ingenio
1046 2763 1261 2833 cogitationes,
1280 2773 1310 2818 et
1332 2787 1333 2790 ¹

243 2870 308 2915 tum
319 2851 360 2926 ¹7)
379 2857 589 2914 excusationes
607 2845 757 2920 audirem,
775 2869 849 2924 quas
867 2854 989 2938 nollem.
1006 2847 1047 2920 ¹³)
1082 2853 1149 2924 Ego
1165 2852 1218 2910 hic
1235 2855 1310 2910 satis

244 2947 404 3005 commode
420 2945 524 3012 valeo,
548 2944 664 3000 videtur
681 2945 761 2998 enim
777 2934 814 3007 19)
833 2925 954 3014 spiriuus
973 2943 1020 2997 ille
1038 2943 1192 3000 remittens
1210 2944 1311 3010 (scili.

245 3049 296 3096 cet
313 3029 451 3110 precihus
470 3035 594 3092 fratrum
613 3045 640 3087 et
657 3032 766 3087 vestris
788 3031 936 3097 fraenis),
963 3033 1013 3104 q'ui
1040 3049 1087 3087 me
1112 3033 1312 3104 colaphisavit

153 3167 157 3176 ‚
215 3129 421 3226 hactenus,
437 3139 624 3198 quanquam
633 3121 773 3192 suspicor
796 3120 867 3176 loco
893 3121 958 3193 ejus
983 3123 1173 3178 successisse
1199 3123 1311 3194 alium,

147 3981 155 4014 l

215 3191 298 3292 qul
325 3231 444 3290 corpus
461 3229 565 3270 meum
587 3211 693 3280 fatiget.
720 3211 847 3274 Tamen
867 3212 944 3266 mulo
963 3212 1042 3266 ferre
1058 3219 1207 3268 tortorem
1223 3213 1314 3270 hunc

248 3307 367 3376 carnis,
385 3321 474 3380 quam
482 3301 663 3358 carnificem
682 3301 765 3356 illum
782 3301 912 3372 spiritus.
945 3301 986 3356 Et
1002 3317 1109 3374 spero,
1128 3295 1179 3376 qui
1195 3303 1270 3360 vicit
1282 3305 1314 3360 in
1332 3299 1333 3340 ι

247 3417 298 3458 me
315 3409 431 3473 patrem
447 3393 608 3462 mendacii,
625 3391 830 3450 vincet.etiam
846 3391 1039 3449 homicidam.
1073 3393 1114 3456 ῦι
1131 3393 1177 3462 hut
1192 3393 1247 3454 mt't
1260 3395 1314 3458 ten

300 3614 511 3686 ιιιιιιιιιι,
559 3609 828 3676 ιιοοιι.ιι.ιιω.1
864 3625 1045 3679 assumes.
1097 3625 1315 3679 sin-nn...

249 3705 367 3758 sill.-
381 3703 478 3752 advos.
528 3701 595 3754 6)Β.
607 3711 629 3748 a.
643 3703 674 3750 st.
687 3699 725 3745 Fl.
740 3699 771 3749 al
785 3697 853 3746 milii.
901 3699 1032 3749 ultan.
1081 3701 1104 3751 Β)
1124 3702 1153 3744 A.
1167 3700 1315 3748 cedendum

249 3783 317 3833 9)A.
331 3778 362 3826 el
413 3777 563 3832 tomani.
582 3777 611 3820 A.
617 3773 787 3832 impendeant.
806 3771 878 3817 Fl-
853 3771 1099 3828 -Deprlnclpcetc
1149 3773 1317 3832 lt>B.r1uod.

182 3885 215 3906 .,,
249 3853 328 3908 mc
343 3851 379 3914 el
392 3849 431 3898 Β).
450 3852 498 3896 aut.
549 3847 626 3902 tsils.
641 3857 663 3894 u.
676 3847 708 3896 ιιι.
726 3844 843 3904 quotidie.
893 3845 971 3900 wc
987 3843 1022 3892 c!
1041 3843 1095 3893 ista.
1146 3845 1225 3898 isis.
1245 3857 1270 3895 u
1284 3851 1318 3901 ut.

248 3921 390 3974 'certitudo
437 3925 461 3971 ts
481 3923 514 3969 Β.
533 3919 579 3968 illl
634 3919 713 3974 tiis.
732 3922 820 3968 tamen.
853 3920 911 3975 ll)
927 3915 1042 3997 Flac.-
1016 3915 1316 3978 -Princlpi-nollem.

250 3995 594 4056 19>cclnnrletisu
