2614 4608
250 279 312 342 stu
577 295 579 300 '
733 281 824 351 idid.

249 437 424 516 necessariis
441 447 471 493 et
487 441 578 498 certis
596 439 750 514 principiis
768 443 866 514 primo
883 451 929 497 est
946 443 1136 510 fortnsndus,
1160 457 1225 516 quae
1246 439 1285 494 fir.

248 527 337 582 miter
354 529 474 596 credat,
492 533 558 602 quia
576 549 703 588 necesse
722 547 786 600 est,
807 523 930 590 cuineut
948 536 1150 592 addiscentem
1167 533 1284 588 credere:

248 616 300 688 qu'i
319 621 397 672 enim
415 619 463 674 vel
483 624 546 690 ipse
563 621 693 690 dubitat,
710 625 760 678 vel
778 625 904 679 docetur
921 623 1075 691 dubitare,
1099 624 1170 696 quid
1185 624 1227 678 ille
1240 637 1283 678 un.

248 723 339 779 quarn
356 709 477 766 discet?

314 813 432 870 Noster
446 829 522 872 vero
539 831 637 875 nouus
655 822 817 890 catechism
834 822 895 876 hoc
906 838 999 877 unum
1016 821 1091 892 a'git,
1107 832 1141 877 ut
1150 836 1213 876 suos
1223 828 1286 873 cate.

248 903 418 964 cliumenos
437 908 539 963 reddat
556 910 665 964 dubios·
683 925 712 966 et
724 911 861 982 dogmata
873 913 939 968 fidei
952 923 1109 982 suspecta,
1127 913 1192 966 dnm
1204 910 1286 965 statim

247 995 278 1049 in
295 997 456 1067 principio,
481 999 600 1059 ninissis
624 997 727 1056 solidis
750 1001 966 1070 fundamentis,
991 1013 1106 1056 tantum
1131 1001 1185 1055 illis
1199 997 1287 1070 objicit

247 1086 390 1140 haereses
415 1099 444 1142 et
472 1089 610 1144 scandala
632 1091 827 1160 opinionum,
860 1092 969 1163 quibus
998 1091 1138 1146 Ecclesia
1167 1091 1199 1144 ab
1221 1089 1287 1146 initio

247 1183 353 1232 'vexata
371 1188 434 1246 est,
453 1190 486 1234 ut
503 1195 595 1252 paene
613 1179 748 1250 deliniat,
767 1181 838 1235 nihil
859 1197 988 1253 unquam
1004 1179 1288 1236 fuisseinclnistiana

248 1267 389 1336 religione
406 1269 491 1322 certi.
524 1269 594 1324 lstis
612 1285 686 1325 vero
704 1271 851 1339 exemplis
873 1281 903 1326 et
923 1271 1103 1343 periculosis
1130 1268 1289 1342 quaestioni.

246 1356 304 1411 hus
328 1358 443 1412 animus
467 1358 623 1428 imperitus
646 1362 744 1416 statim
761 1381 778 1416 ιι
794 1361 941 1434 principio
966 1359 1110 1429 obrutus,
1137 1361 1208 1434 quid
1226 1355 1287 1412 aliud

246 1449 387 1524 cpgitabit
404 1459 454 1504 aut
470 1452 576 1519 faciet,
602 1469 693 1525 quam
710 1462 742 1512 ut
758 1469 825 1508 sese
843 1469 858 1508 a
877 1451 1020 1522 religione
1045 1452 1218 1520 christiana,
1238 1461 1288 1504 tun.

245 1541 337 1609 cuam
359 1551 444 1611 peste
467 1543 516 1597 vel
541 1543 618 1598 clem
646 1545 800 1616 surripiat,
825 1543 891 1612 vei,
916 1545 941 1600 si
966 1559 1056 1600 ausus
1078 1544 1186 1612 fuerit,
1211 1541 1287 1615 palam

161 1684 170 1702 ι
247 1632 424 1686 datestetur.

311 1735 352 1792 Et
369 1737 431 1792 hoc
447 1737 586 1794 callidum
604 1739 764 1794 consilium
782 1757 841 1794 non
858 1749 942 1819 putat
956 1739 992 1792 ab
1003 1739 1066 1796 ullo
1078 1739 1201 1794 homine
1213 1735 1288 1810 'posse

247 1827 383 1897 intelligi,
405 1828 490 1900 quasi
507 1847 569 1888 nou
587 1829 749 1886 habeamus
767 1831 796 1885 in
815 1831 974 1902 Scripturis
988 1829 1143 1899 ejusmodi
1160 1831 1288 1884 larvarum

198 1978 201 1988 ,
241 1917 368 1975 Diaboli
386 1919 495 1976 infinita
508 1921 661 1992 exempla.
694 1919 742 1976 Sic
765 1922 845 1976 enim
867 1937 992 1991 serpens
1010 1919 1128 1976 Hcvam
1153 1921 1242 1991 primo
1260 1915 1301 1996 ad¹

246 2007 367 2066 dubium
384 2009 560 2078 solicitavit,
578 2010 648 2064 dum
667 2011 692 2064 ei
711 2021 884 2083 suspectum
902 1997 1029 2064 reddidit
1043 2019 1229 2082 praeceptum
1237 2006 1301 2062 Dei}

246 2100 283 2154 de
303 2099 410 2154 arbore
433 2099 573 2156 scientiae
595 2099 667 2156 boui
693 2111 723 2156 et
746 2099 826 2155 mali.
859 2099 991 2154 Dubiam
1013 2117 1088 2154 vero
1112 2101 1213 2156 iactam
1232 2111 1288 2168 pro.

197 2191 201 2206 '¹
246 2187 351 2246 stravit
374 2201 404 2244 et
428 2189 501 2245 vicit
524 2190 596 2260 (nisi
613 2190 759 2246 Erasmus
783 2199 813 2246 et
836 2190 914 2246 hanc
937 2205 1059 2262 quoque
1084 2189 1213 2245 fabulam
1233 2199 1287 2243 csse

244 2283 351 2352 putat.)

179 2443 183 2456 ⁸
307 2386 353 2442 Ita
379 2396 409 2441 et
432 2385 495 2460 ipse
522 2385 641 2442 eodem·
656 2377 830 2460 serpentino
853 2385 1001 2454 ingressu,
1013 2385 1134 2458 irrepit,
1161 2393 1191 2441 et
1211 2389 1289 2440 tentat

165 2486 167 2496 ¹
237 2477 397 2552 'simplices
414 2480 536 2534 animas.
569 2478 630 2533 Gur
645 2488 690 2532 tot
707 2488 805 2532 sectae
822 2474 1300 2534 eterroresinhacunaveritatis,

244 2573 299 2635 (ut
320 2569 474 2630 creditur)
498 2567 640 2637 religione
663 2569 807 2624 fuerunt?
839 2566 903 2620 Cur
925 2579 985 2620 tam
1010 2567 1127 2620 diversa
1149 2564 1300 2638 symbolai*

245 2658 309 2713 Cur
327 2659 356 2714 in
381 2659 521 2730 symbolo
536 2643 764 2728 'Aposmlotum
788 2653 951 2730 appellatur
972 2657 1064 2712 Peter
1080 2655 1186 2726 Deus,
1209 2655 1288 2710 Filius

244 2763 306 2803 non
323 2749 434 2815 Deus,
447 2750 501 2806 sed
518 2749 688 2816 Dominus,
709 2747 833 2818 Spiritus
851 2763 925 2803 vero
942 2762 998 2810 nec
1016 2741 1103 2802 Deu's
1121 2765 1177 2803 nec
1193 2745 1289 2802 Domi.

243 2855 300 2894 nus
308 2879 318 2908 ,
344 2840 399 2894 setl
422 2849 562 2908 sanctus,
588 2849 618 2915 pt
634 2840 681 2894 his
703 2836 840 2894 similial'
864 2837 970 2912 Quis,¹
985 2815 1079 2906 fogo,
1093 2837 1233 2893 :solicitat
1249 2835 1288 2889 itis

241 2927 468 3002 quaestionibus
481 2931 570 2986 rudes
582 2933 709 2998 animas,
726 2945 799 3002 quas
811 2929 985 2983 erudiendas
998 2925 1150 3000 suscepit,
1167 2929 1221 2982 nisi
1236 2928 1288 2997 ipse

243 3019 421 3076 Diabolus?
452 3020 530 3096 Quis
548 3035 622 3076 vero
640 3019 715 3073 ausit
732 3019 777 3073 sic
793 3019 876 3090 loqui
895 3019 931 3072 de
948 3017 1085 3090 symbolo
1099 3017 1185 3073 fidei?
1217 3016 1299 3096 Ecce

206 3107 208 3117 ’
243 3111 340 3166 halles
359 3111 486 3167 salubris
503 3093 624 3166 'fabulae
643 3110 794 3180 protasin,
811 3107 933 3180 epitasin
949 3118 980 3162 et
998 3107 1227 3179 catastrophen,
1243 3104 1299 3174 nisi¹

242 3205 342 3276 ipsum
359 3219 395 3258 os
414 3212 444 3258 et
461 3215 604 3272 organum
622 3201 754 3255 Satanae.

309 3309 366 3365 Sed
379 3323 467 3380 ecce,
485 3317 586 3384 raptus
601 3311 668 3383 sum
681 3323 772 3378 paene
785 3305 814 3362 in
828 3306 1063 3380 confutationem
1072 3302 1099 3372 ¹)
1118 3301 1286 3360 catechismi

244 3400 338 3468 illius,
355 3415 424 3456 cum
440 3409 540 3478 tumen
557 3399 655 3460 solutu
674 3383 800 3452 indicare
814 3397 865 3452 tibi
883 3397 1049 3465 voluerim,
1067 3413 1123 3450 cur
1137 3397 1207 3450 mihi
1219 3397 1287 3448 vide.

240 3501 310 3546 ¹stur
325 3507 387 3544 non
405 3503 472 3544 esse
489 3487 732 3559 respondendum
749 3486 818 3542 ltuic
835 3487 971 3556 viperae,
989 3487 1040 3541 sed
1058 3487 1140 3556 quod
1157 3487 1286 3562 seipsam

241 3581 313 3652 plus
328 3579 398 3636 satis
415 3579 550 3634 confutet
564 3577 598 3653 2).
610 3573 692 3648 apud,
704 3591 809 3632 omnes
828 3577 892 3646 pios
909 3585 937 3630 et
953 3561 1049 3632 licitos
1067 3577 1162 3632 viros.

309 3686 441 3744 Similem
456 3686 559 3743 ludum
575 3695 606 3740 et
620 3686 649 3740 in
660 3683 843 3756 Apostolum
854 3682 979 3739 Paulum
997 3681 1065 3737 lusit
1082 3681 1286 3754 (Paraphrases

243 3793 299 3831 seu
316 3773 554 3848 paraphroneses
563 3816 573 3846 ‚
592 3785 624 3830 ut
640 3775 732 3846 ipsius
748 3772 841 3828 verbo
853 3784 938 3841 utar,
954 3775 1054 3840 taceo)
1066 3772 1105 3828 ‚in
1116 3775 1285 3846 praelatione

284 3987 313 4036 t)
329 3983 424 4034 i'tteb.
439 3966 620 4034 refutationem.
684 3981 817 4037 tivtten.
831 3978 929 4032 refutet,

609 4061 614 4084 N
1124 4051 1125 4058 ,
