2652 4608
427 365 454 390 ,.
531 303 645 382 tsttt.‘
1048 305 1107 376 tet

53 467 95 522 bot
107 467 247 518 baddone
260 471 352 528 pm,
367 469 537 521 coelestin.
550 471 633 520 mss
646 472 669 520 b.
695 469 796 524 ΜΦ
808 470 852 522 its
862 465 1035 522 801οΧνὶ
1048 466 1106 520 ibit.
1191 521 1194 530 ,

265 546 321 597 ssu
335 546 409 600 babttt
421 547 587 618 Auritaber
598 546 640 593 111.
653 545 672 592 l.
684 547 730 593 2)).
743 543 879 600 sentiebas

53 679 191 784 Gratiam
215 738 245 784 et
263 744 372 800 pacem
396 730 426 784 in
448 728 579 786 Christo.
612 726 779 786 Irascimini
802 735 832 782 et
851 725 944 782 nolite
968 731 1107 798 peccate.

50 815 114 886 Legi
131 821 198 872 trias
216 820 410 888 gravissimas
425 821 581 892 querelas,
597 821 639 874 mi
651 819 764 888 Lince,
782 817 819 872 de
835 827 942 872 nostro
954 815 1107 888 Philippo,

51 919 75 960 et
89 909 143 962 nisi
170 923 215 985 ex
230 920 405 964 nostros-em
422 913 574 981 Augustae
597 910 692 966 literis
709 908 853 984 proximo
873 906 997 964 sabbato
1020 921 1109 960 acce.

50 997 100 1068 ptis
117 999 357 1067 intellexissem,
382 1015 502 1055 causam
520 1011 655 1056 nostram
672 1015 741 1055 esse
758 998 899 1072 rejectam
919 996 955 1050 sd
973 993 1107 1051 Caesaris

50 1089 207 1178 arbitrium,
221 1091 419 1148 vehementer
430 1092 556 1148 fuissem
568 1091 767 1188 perturbatus.
792 1091 885 1164 Spero
898 1100 1008 1156 autem,
1026 1079 1109 1160 quoti

51 1191 75 1234 et
83 1189 116 1234 tu
133 1181 257 1236 interim
269 1183 458 1254 perceperis,
476 1199 596 1238 cauam
607 1179 688 1237 nunc'
704 1185 734 1238 in
750 1183 806 1237 alio
819 1189 895 1236 statu
913 1171 1010 1248 esse,
1017 1193 1109 1250 quem

51 1279 76 1323 tn
90 1272 183 1326 modo
203 1271 325 1328 scribis.
361 1267 453 1348 Quod
471 1274 496 1328 si
512 1289 574 1328 ιιοιι
597 1281 662 1339 est,
689 1271 821 1344 egojam
843 1273 930 1326 ubres
950 1269 1050 1323 literas
1072 1267 1109 1324 td

50 1361 107 1416 illos
126 1361 250 1427 scribo,
269 1379 324 1435 per
340 1361 610 1434 spangenbergium
633 1362 691 1417 illis
707 1361 882 1430 mittendas,
906 1359 960 1415 sed
978 1367 1008 1414 et
1024 1367 1110 1414 antea

50 1451 203 1521 significivi
221 1451 313 1521 satis,
335 1463 433 1508 meam
450 1453 624 1508 sententiam
641 1467 704 1508 oon
721 1467 805 1518 esse,
826 1449 901 1508 tales
918 1447 1109 1504 conditiones

49 1549 74 1595 et
88 1542 231 1597 articulos
242 1543 395 1620 probare:
421 1559 457 1597 tu
484 1557 525 1598 ex
546 1543 655 1598 talibus
670 1541 765 1598 literis
788 1541 850 1598 sibt
865 1540 947 1596 moti*
964 1539 1000 1594 ad
1021 1553 1110 1610 repu-

49 1632 161 1688 diandus
181 1631 391 1703 conditiones,
408 1634 523 1690 nesoio.
558 1633 715 1701 Arbitror,
732 1641 763 1688 et
779 1631 852 1703 ipsis
868 1631 942 1688 satis
960 1645 1029 1686 esse
1041 1645 1110 1702 pet·-

49 1735 197 1794 spectum,
221 1741 313 1796 quam
329 1735 452 1795 turpes,
477 1725 642 1797 probrosae
664 1734 694 1780 et
710 1721 869 1794 uenitegae
886 1722 946 1776 sint
963 1719 1110 1776 conditio.

47 1830 112 1880 nes,
135 1815 250 1886 quibus
267 1815 429 1872 adversarii
447 1825 579 1874 nostem
598 1815 770 1888 parvitatem
786 1822 817 1870 et
839 1813 1041 1868 infirmitatem
1061 1827 1110 1866 se.

50 1905 105 1958 euri
122 1915 151 1958 et
168 1903 294 1976 superbi
308 1905 394 1976 plane
412 1915 443 1959 et
459 1915 560 1978 aperte
577 1902 765 1960 ludificantur
780 1911 810 1958 et
823 1901 1016 1958 subsannent.
1050 1899 1111 1956 Sed

51 1993 203 2064 Christus,
221 1995 275 2067 qui
293 2005 440 2050 excoecat
456 2011 511 2050 eos
530 2004 561 2052 et
577 1993 710 2061 intent,
719 2003 760 2052 ut
770 1993 933 2064 Evangelio
950 1992 1023 2048 nibil
1041 2003 1111 2046 cre.

49 2084 128 2152 dant,
145 2087 192 2140 sic
202 2096 286 2158 parat
298 2103 352 2142 eos
364 2087 399 2142 ad
410 2100 492 2141 mare
505 2086 630 2141 rubrum
640 2096 760 2155 ,urget
757 2099 819 2140 eos
833 2083 1001 2140 inevitabile
1014 2065 1108 2138 lutum

49 2191 157 2232 eorum.
194 2175 330 2232 vadant
322 2178 410 2245 tgttur
422 2185 451 2231 et
462 2185 602 2249 pereant
615 2175 735 2248 quando
755 2191 799 2230 sic
809 2175 936 2240 volunt,
955 2172 1108 2229 Dominus
1195 2235 1199 2242 ⁴

48 2269 98 2322 erit
114 2251 291 2324 nobiscunl.
320 2267 424 2343 Quare
440 2276 469 2322 te
491 2283 572 2338 oro,
589 2275 623 2322 ut
645 2265 876 2336 indignationem
901 2274 981 2319 tuam
1002 2277 1107 2335 ponas.

48 2353 202 2430 Pbssippus
233 2357 290 2412 etsi
315 2359 394 2413 sorte
417 2357 554 2414 tractavit
577 2355 692 2430 aliquas
716 2357 923 2423 conditiones,
956 2355 986 2410 in
1009 2351 1106 2409 nullas

49 2457 140 2506 temen
159 2461 348 2504 consensum
366 2458 412 2504 est
428 2447 590 2517 hactenus,
607 2465 666 2504 nec
683 2448 778 2520 ipsius
793 2447 918 2522 quidem
935 2457 1106 2501 consensu:

47 2539 93 2592 sed
109 2555 223 2612 spero,
246 2539 302 2593 ista
319 2540 398 2594 larva
416 2539 569 2595 Christum
587 2555 656 2596 esse
674 2553 780 2607 usum,
803 2548 838 2594 ut
854 2537 970 2594 luderet
985 2545 1106 2592 nostros

47 2627 199 2697 illusores,
217 2627 335 2684 scilicet
351 2629 423 2684 falsa
441 2639 495 2702 spe
514 2641 544 2684 et
560 2629 628 2686 ficto
644 2619 751 2700 gaudio
768 2641 822 2684 eos
839 2627 982 2696 irritaret,
1000 2633 1033 2680 ut
1049 2641 1107 2682 nos

47 2733 203 2788 cessuros,
233 2731 302 2776 sese
326 2735 398 2775 vere
421 2719 557 2775 victuros
581 2720 785 2786 somniarent,
814 2727 885 2789 post
909 2729 1007 2772 autem
1032 2715 1105 2771 nihil

41 2811 140 2866 tuinus
159 2797 321 2876 sentirent,
345 2819 374 2865 et
393 2826 425 2865 se
443 2811 526 2881 ipsos
541 2809 650 2864 irrisos
667 2809 844 2865 invenirent.
861 2809 886 2874 ²)
920 2807 967 2862 Sic
985 2821 1042 2876 ogo
1064 2805 1109 2862 in.

48 2903 211 2972 terpretor,
237 2912 363 2955 secnms
377 2900 468 2972 qood
492 2899 606 2972 absque
625 2915 696 2956 meo
720 2897 872 2954 consensu
893 2899 1013 2953 illorum
1036 2911 1109 2952 oon.
1133 2917 1137 2942 ι
1173 2968 1179 2977 ¹

48 3007 149 3048 sensus
169 2993 273 3051 irritus
291 3003 347 3048 est.
371 2994 423 3047 .At
440 2992 465 3067 si
483 2991 571 3046 etiam
589 3005 646 3063 ego
662 2991 759 3064 (quod
779 2989 869 3045 Deus
889 2985 1017 3066 auertat)
1034 3005 1109 3044 con.

48 3084 187 3140 sentirem
204 3083 269 3138 istis
287 3083 458 3153 sacrilegis,
474 3081 635 3138 homicidis
653 3089 683 3138 et
699 3079 820 3154 penidis
834 3079 992 3150 monstris,
1008 3087 1109 3136 temen

47 3171 183 3232 Ecclesia
210 3183 273 3230 tota
300 3173 516 3246 Evangeliique
542 3172 682 3229 doctrina
701 3171 882 3227 dissentiret.
923 3171 986 3226 Ora
1010 3179 1108 3227 entem

48 3281 98 3334 pro
114 3283 185 3336 me,
210 3276 242 3322 et
257 3265 355 3320 vale
348 3281 378 3320 m
395 3263 530 3320 Domino
553 3263 687 3320 feliciter.
722 3263 818 3320 Saluta
839 3263 956 3318 Hevam
971 3257 1004 3326 ²)
1027 3271 1109 3318 tuam

47 3373 113 3426 eum
130 3357 230 3431 prole
259 3355 314 3476 Est
331 3355 463 3424 Eremo,
479 3359 530 3462 20.
550 3353 720 3428 Septemb„
744 3371 822 3410 anno
837 3353 1009 3438 Mnxxx

799 3517 893 3576 Mart.
901 3464 1075 3574 Lutlterus.
1126 3545 1139 3560 ι

96 4021 117 4070 ll
131 4017 214 4066 ffittnt.
229 4015 252 4070 ti.
266 4015 385 4073 sentiret,
401 4015 533 4064 inventret.
593 3991 621 4070 ⁷2)
634 3993 839 4062 Aurilsslleran.
