2640 4608
506 198 509 206 Ι
732 139 750 179 f

207 271 273 352 306
304 304 307 322 ”
695 275 791 354 1531·
827 268 829 278 ³
1068 339 1076 370 l
1181 329 1184 345 l

207 413 242 492 in
256 433 354 506 legem
370 433 515 508 divinam,
537 451 614 509 quae
632 435 721 496 dicit:
736 489 738 494 .
751 433 848 513 Quod
861 435 952 494 Deus
968 435 1155 510 conjunxit,
1177 435 1274 494 Ιιοηιο

206 536 275 582 non
291 531 429 598 separet.
464 523 546 600 Quid
564 536 610 582 est
625 525 743 582 homo?
766 543 828 580 non
845 531 981 599 separet,
1000 546 1076 600 qeins
1094 528 1184 588 Deus
1200 527 1276 583 con'.

137 616 141 623 ‘
201 613 306 688 J‘unxit
322 615 387 672 sive
402 615 556 686 ordinate,
581 616 646 672 sive
666 617 883 690 permittendo,
897 617 979 689 ’quia
1004 633 1058 674 sua
1082 619 1273 692 conjunctio,

207 708 271 764 eive
287 705 337 762 liat
349 706 437 778 jure,
455 706 519 762 sive
537 707 620 784 iacto,
632 705 783 775 humano,
800 706 940 780 superior
957 716 1002 762 est
1017 708 1203 764 ordinatione
1216 707 1276 762 hu.

203 811 300 858 mena.
335 797 363 851 Si
380 796 470 868 igitur
485 807 616 868 pugnant
628 813 709 852 nune
722 797 804 874 leges
816 797 906 863 istae,
925 799 1135 872 prouidentur,
1150 817 1190 854 ne
1201 801 1275 857 Rex

203 889 329 958 Angliae
346 898 448 960 servet
464 886 739 962 legemhumanam
748 927 758 955 ,
770 895 810 942 'ut
826 887 982 960 peccetin
999 889 1145 960 divinam,
1165 889 1222 946 sed
1239 881 1275 948 dt

204 991 306 1037 servet
321 979 420 1050 legem
435 979 583 1045 divinam,
600 969 863 1052 remitteturei,
843 978 963 1050 siquod
978 989 1061 1034 esset
1073 981 1275 1038 commissum

202 1083 362 1144 peccatum
379 1069 408 1126 in
421 1069 520 1138 legem
534 1057 706 1125 humanam.
740 1066 907 1143 Quamvis,
926 1078 959 1124 ut
969 1069 1048 1140 dnn
1066 1071 1115 1126 ubi
1130 1071 1210 1142 Papa
1225 1071 1275 1127 vel

79 1175 109 1244 J
134 1187 136 1205 ι
204 1159 316 1216 Caesar
341 1159 394 1225 (ιί
406 1158 542 1215 Caesaris
566 1159 649 1228 leges
673 1157 829 1230 agnoscit)
854 1151 1102 1264 dispensaverint
1117 1160 1196 1228 bene
1222 1161 1275 1218 vel

201 1251 298 1320 mdc,
318 1247 434 1306 nullum
451 1259 498 1306 est
515 1259 671 1320 peceatum
689 1247 789 1304 ibi.

268 1339 387 1409 Habes,
405 1341 446 1394 mi
464 1337 594 1414 Antoni,
618 1355 717 1394 meam
735 1339 913 1418 sententiam
931 1340 959 1396 in
977 1325 1075 1396 sinum
1094 1351 1180 1398 tuum
1198 1345 1275 1399 elib.

112 1479 120 1485 .
182 1429 276 1493 'sarm
310 1429 427 1534 Nesepo
441 1445 537 1498 enim
555 1445 592 1486 an
608 1447 675 1485 earn
692 1429 838 1502 publicari
856 1431 927 1486 utile
943 1431 1000 1500 sn
1017 1448 1053 1486 ne
1073 1433 1147 1486 forte
1167 1451 1273 1490 meum

200 1523 313 1576 nomen
329 1521 402 1576 huic
420 1536 527 1576 causae
542 1520 644 1590 magis
653 1529 777 1590 noceat,
805 1523 886 1594 quod
910 1538 1000 1594 quam
1025 1523 1062 1577 sit
1087 1521 1220 1578 invisum
1243 1535 1274 1580 et

200 1611 417 1681 abominabile,
436 1611 507 1668 satis
524 1612 624 1678 nosti,
641 1611 698 1688 ita,
716 1621 765 1680 ut,
786 1611 990 1668 etiamsivera
1008 1611 1134 1686 dixero,
1153 1624 1272 1685 tamen,

199 1703 271 1760 odio
289 1702 418 1758 nominis
434 1701 494 1756 ntei
506 1701 704 1756 damnentur:
730 1689 831 1756 tamen
852 1711 887 1768 ιιι
903 1719 972 1757 cum
991 1699 1093 1759 amicis
1112 1706 1224 1775 possis·
1235 1706 1274 1762 de

199 1808 270 1862 mea,
285 1791 429 1847 sententia
445 1802 531 1846 certo
544 1791 713 1863 disputare,
732 1792 843 1864 patior,
861 1802 894 1848 ut
915 1810 970 1864 pro
984 1802 1045 1859 tuo¹
1060 1795 1185 1850 arbitrio
1205 1813 1277 1852 eam

200 1883 251 1938 vel
267 1899 386 1954 premas
404 1882 453 1936 vel
470 1881 618 1954 publices.
652 1869 799 1954 Optarem'
819 1899 907 1948 sane,
933 1883 990 1938 nisi
1013 1883 1114 1942 odium
1139 1886 1273 1940 nominis

199 1969 263 2032 mei
277 1972 429 2042 obstaret,
448 1989 515 2034 eam
531 1973 716 2042 profuturam
732 1971 810 2043 Regi
825 1981 855 2028 et
865 1971 1017 2044 Reginae,
1032 1991 1070 2029 ne
1088 1975 1276 2032 seduceren-

156 2077 157 2084 ’
199 2074 253 2131 tur
267 2073 298 2120 et
314 2061 538 2135 impellerentur
555 2079 572 2116 a
588 2061 734 2132 sophistis
750 2063 781 2117 in
798 2073 859 2117 tam
875 2064 1024 2119 nefarium
1042 2077 1072 2118 et
1088 2068 1278 2124 sceleratum

200 2153 381 2225 divortium,
398 2169 460 2226 quo
478 2155 557 2208 facto
574 2162 748 2225 perpetuam
766 2153 965 2210 calamitatem
977 2157 1183 2218 ¹conscientiae
1201 2169 1280 2214 sunt

200 2239 329 2320 passuri.
364 2246 424 2299 Sed
440 2243 584 2316 quicquid
601 2243 759 2324 acciderit,
786 2244 851 2300 sive
869 2245 1030 2300 divortium
1045 2247 1124 2313 istud
1144 2248 1211 2317 jam
1230 2251 1285 2309 fa,

203 2331 288 2420 ctur'n
305 2337 368 2404 e‘st,
392 2335 457 2390 eive
474 2334 545 2390 Rex
570 2334 729 2406 impellitur
747 2336 912 2393 autoritate
939 2335 1064 2390 aliorum
1088 2337 1282 2410 doctorum,

200 2434 236 2496 ut
247 2427 403 2482 divortium
416 2423 521 2501 faciat:
538 2433 572 2478 tu
584 2427 684 2480 tamen
695 2424 882 2480 dissuadebis
894 2425 998 2481 amicis
1009 2465 1018 2493 ,
1037 2425 1285 2502 quibuSeunqud

173 2590 175 2593 .
203 2522 334 2594 poteris,
360 2525 394 2570 ut
418 2515 480 2570 hoc
506 2514 667 2570 divortium
693 2515 889 2572 detestentur.
932 2521 1032 2590 Atque
1059 2517 1083 2572 si
1110 2519 1291 2577 adversarii

203 2605 322 2678 Regem
338 2606 462 2668 omnino
478 2606 628 2679 ceperint,
646 2615 762 2662 tentent
778 2606 874 2684 nostri
892 2605 974 2674 omni
986 2607 1106 2676 studio,
1122 2619 1156 2664 nt
1168 2611 1295 2669 saltem

201 2695 352 2768 ‘Reginam
368 2703 510 2766 servent,
534 2701 573 2752 ne'
592 2697 651 2751 ullo
669 2697 761 2752 modo
779 2685 944 2762 consentiat
960 2697 989 2756 iu
1011 2698 1199 2770 divortium,
1222 2705 1298 2760 sed

128 2807 137 2864 j
203 2791 305 2862 potius
322 2788 481 2857 moriatur,
504 2803 596 2860 quam
614 2793 695 2842 ream
712 2787 928 2847 conscientiam
946 2787 1035 2842 faciat
1050 2789 1122 2848 tanti
1140 2789 1299 2850 criminis

100 2923 104 2928 .
206 2882 310 2936 coram
321 2879 413 2945 Deo,
431 2879 664 2951 firmissimeque
680 2878 800 2944 credat,
819 2893 888 2934 sese
901 2893 970 2934 esse
982 2895 1085 2934 veram
1098 2878 1303 2950 legitimam.

207 2985 267 3042 que
283 2969 429 3040 Reginam
446 2969 588 3038 Angliae,
614 2967 650 3024 ab
676 2967 743 3040 ipso
762 2967 832 3045 Deo
853 2969 903 3025 ‘sic
928 2970 1036 3024 factam
1061 2978 1091 3043 et
1107 2969 1304 3041 probatam.

207 3061 281 3117 Non
296 3071 343 3116 est
360 3060 440 3116 enim
457 3049 707 3133 permittendum,
725 3066 759 3114 ut
775 3057 852 3144 salso
870 3058 997 3115 crimine
1015 3075 1049 3126 se
1065 3069 1188 3129 gravet,
1206 3077 1310 3134 peeg

208 3162 309 3207 catum
326 3161 386 3206 tam
404 3147 651 3224 grandensem,
677 3148 760 3219 quod
769 3145 967 3220 „nuilumest
1000 3149 1067 3207 Hoc
1093 3153 1176 3205 esset
1198 3153 1312 3214 enim

209 3243 399 3320 mendacium
420 3257 548 3296 erronea
572 3239 756 3298 conscientia
780 3240 885 3294 timere
912 3238 943 3294 et
965 3237 1037 3295 loco
1056 3241 1117 3294 llei
1141 3239 1317 3304 adorare.

210 3331 240 3404 Si
259 3335 338 3388 enim
349 3332 467 3402 Regem
484 3338 605 3386 servare
624 3347 685 3385 non
700 3341 829 3404 possunt
845 3329 944 3402 (quod
954 3325 1043 3385 Deus
1055 3333 1180 3398 aventu)
1187 3371 1197 3400 ,
1215 3346 1317 3392 ser.

211 3433 282 3480 vent
298 3422 404 3478 saltem
420 3437 511 3478 unam
526 3421 659 3490 Reginae
676 3423 820 3490 ammam,
837 3411 871 3475 ut
885 3421 965 3491 ipsa,
978 3421 1008 3488 si
1026 3421 1317 3494 divortium'pro.

209 3515 387 3584 biberinon
405 3521 524 3585 potest,
546 3511 621 3568 ferat
643 3511 706 3570 boc
728 3525 868 3580 magnum
891 3500 1002 3565 mallim
1029 3513 1177 3566 maximae
1201 3512 1293 3586 1ἰιῇιι

190 3605 288 3674 oriae,
310 3605 393 3659 sicut
415 3617 540 3656 enicem
563 3599 667 3668 suam,
691 3603 747 3658 sed
762 3617 950 3674 nequaqnam
968 3602 1117 3674 approbet
1134 3612 1184 3660 aut
1202 3619 1318 3666 con-

213 3679 341 3762 sentiae]
365 3689 432 3762 Ego
450 3693 502 3764 qui
519 3691 596 3746 aliud
613 3710 677 3748 non
691 3706 836 3764 possum,
854 3692 986 3768 oratione
1001 3707 1091 3750 versa
1106 3693 1144 3749 ad
1160 3691 1301 3758 Deum

129 3803 134 3833 ι
212 3795 245 3840 ut
261 3785 398 3840 Christus
415 3781 478 3836 hoe
495 3780 656 3838 divortium
673 3783 830 3856 impediat,
858 3791 889 3838 et
904 3781 1026 3838 infatuet
1041 3781 1165 3838 consilia
1183 3786 1296 3846 Aah·

171 3915 172 3920 κ
213 3873 344 3948 tophelis
355 3871 426 3930 illud
437 3871 604 3942 suadentis,
610 3881 667 3927 aiat
677 3871 702 3928 si
714 3873 856 3944 impedire
868 3891 929 3930 non
940 3874 1085 3959 voluerit,
1097 3885 1131 3930 ut
1141 3873 1292 3958 Regina
1303 3912 1319 3933 -.

214 3966 323 4074 saltem
347 3953 459 4022 fortem
481 3962 570 4030 fidem
586 3974 641 4020 et
641 3957 839 4070 constantem
862 3973 1036 4066 certamque
1059 3961 1257 4052 conscienti
1286 4002 1311 4025 ι.
