2614 4608
495 217 599 346 ant
758 231 761 240 ¹
1007 275 1073 344 sos

32 432 119 502 cupide
140 435 265 502 sectari,
279 437 377 492 etiam
393 447 535 494 senexet
552 439 730 508 theologus,
755 445 785 492 et
799 437 862 492 hoe
878 435 1002 492 saeculo
1018 448 1071 488 ne.

33 525 214 594 gratiosissimo
232 539 261 580 et
275 515 529 599 laboriosissimo,
546 539 580 584 ut
592 546 686 602 prope
698 543 805 586 verum
817 545 884 602 esse
897 527 1072 590 c'rederem,

34 615 97 681 qlod
121 631 137 676 a
160 617 338 686 sapientibus
364 629 395 672 et
420 619 503 690 gravi
530 619 689 674 autoritate
715 617 787 674 viria
813 617 929 684 audivi,
957 615 1073 672 scilieet

32 701 173 760 Erasmum
188 723 262 764 vere
279 709 405 764 delirum
423 727 501 766 esse.
534 714 635 782 Atque
648 727 719 766 cum
730 710 859 782 primum
870 708 900 762 in
911 707 1072 764 Diatriben

32 793 196 866 scriberem,
212 809 242 852 et
257 816 385 868 cogerer
399 801 465 871 ejus
476 800 575 856 'verba
591 812 716 872 pensare
734 801 781 865 (ut
791 797 950 855 «lohannes
965 799 1070 852 docet:

2 903 3 906 ¹
32 883 155 940 Probata
170 888 334 958 spiritus),
360 888 548 962 incogitantia
570 891 655 962 eJus,
680 889 854 962 praesertim
877 889 908 942 in
925 905 957 944 re
975 893 1069 962 tauta,

31 975 163 1048 offensus,
181 977 263 1034 velut
278 990 452 1036 stertentem
464 981 590 1053 pupugi,
606 990 639 1035 ut
651 979 918 1054 expiraremistum
931 978 1071 1048 frigidum
1165 1057 1170 1062 .
1201 969 1208 980 ’

31 1073 54 1116 et
68 1066 179 1135 pigrum
196 1068 426 1140 disputatorem,
443 1069 675 1126 subiusimulans
693 1085 762 1124 eum
779 1067 921 1141 Epicuri,
945 1068 1071 1125 Lttoiani

29 1169 72 1206 seu
87 1158 286 1226 scepticorum
302 1161 468 1232 opinionis,
494 1161 518 1216 si
536 1162 613 1216 forte
631 1161 666 1214 ad
684 1160 826 1229 agendam
848 1174 969 1214 causam
987 1157 1072 1216 reddi

28 1256 118 1312 posset
134 1248 241 1304 acrior.
275 1250 332 1306 Sed
349 1250 422 1305 nihil
442 1250 574 1322 profeci,
600 1250 658 1305 nisi
681 1249 762 1322 quod
785 1249 918 1319 viperam
942 1247 1070 1318 irritavi,

29 1349 91 1404 quae
107 1337 209 1391 furiata
226 1349 325 1392 mente
341 1339 429 1396 uobis
450 1341 570 1394 tandem
594 1355 665 1394 suas
684 1338 916 1412 Viperaspides
940 1337 1071 1410 peperit,

28 1426 130 1494 prolem
154 1429 202 1483 tali
224 1441 345 1500 parente
371 1440 400 1484 et
425 1431 543 1502 dignam
567 1440 597 1486 et
621 1431 810 1489 simillimam.
852 1428 1020 1494 Caeterum
1037 1429 1090 1504 aa

27 1532 83 1570 rem
98 1518 321 1588 ipsamtfortiter
336 1521 468 1591 neglexit
485 1522 680 1592 respondere.
714 1521 789 1578 ldeo
813 1520 850 1576 ab
875 1537 913 1576 eo
935 1529 1072 1592 ternpore

27 1623 139 1677 prorsus
157 1611 310 1682 desperavi
327 1613 364 1666 ab
382 1612 448 1683 ejus
462 1612 625 1686 theologia.

84 1740 139 1796 Sed
155 1743 281 1796 nuncin
297 1753 377 1798 tuam
393 1743 571 1801 sententiam
586 1744 741 1814 concedo,
765 1761 827 1800 noo
850 1745 940 1800 luisse
964 1742 1074 1812 incogi.

25 1829 148 1898 tantiam,
174 1833 227 1886 sed
243 1849 331 1898 vere,
355 1843 388 1888 ut
405 1834 496 1903 dicis,
521 1833 667 1890 inscitiam
684 1844 715 1888 et
731 1833 885 1902 malitiam,
911 1851 972 1888 non
990 1832 1074 1904 quod

24 1930 117 1974 nostra
134 1937 190 1976 seu
207 1921 436 1994 christianorum
455 1923 591 1994 dogmata
608 1923 740 1994 ignoret,
757 1923 812 1978 sed
829 1923 911 1994 quod
927 1923 1026 1977 sciens
1044 1929 1074 1977 et
1111 1979 1117 1992 ,

26 2009 147 2077 prudens
166 2027 200 2065 ea
218 2011 293 2066 scire
310 2013 394 2068 nolit.
429 2011 611 2087 Quanquam
626 2029 760 2080 revera,
773 2028 849 2084 quae
873 2027 930 2066 nos
954 2013 1074 2084 proprie

26 2098 47 2151 in
65 2109 164 2155 nostro
189 2103 344 2157 consortio
370 2113 474 2158 contra
498 2101 598 2175 Papae
621 2119 800 2175 synagogam
825 2103 988 2170 docemus,
1012 2117 1074 2176 non
1118 2136 1122 2144 ·
1157 2123 1162 2136 ¹

25 2187 165 2259 intelligat,
176 2185 274 2262 neque
286 2193 382 2263 possit
394 2193 572 2263 intelligere:
589 2204 689 2248 tamen
701 2194 818 2259 vulgata
829 2193 886 2260 illa,
899 2209 974 2266 quae
986 2191 1073 2247 nobis
1164 2205 1167 2210 '

26 2291 85 2334 sunt
98 2280 319 2336 oumEoclesia
337 2283 393 2337 sub
411 2296 519 2356 papatu
536 2271 726 2350 eommunia,
743 2301 805 2338 non
816 2294 918 2356 potest
928 2285 1073 2356 ignorare,

25 2385 91 2438 cunt,
102 2372 194 2426 multa
212 2371 256 2426 de
265 2372 313 2427 his
337 2374 463 2441 scribat,
488 2389 542 2428 seu
566 2374 658 2429 rideat
681 2375 798 2430 verius:
823 2374 921 2446 qualia
945 2383 1013 2430 sunt
1037 2374 1074 2428 de

25 2459 160 2516 Trinitate
184 2462 215 2516 in
237 2463 359 2531 divinis,
386 2465 422 2517 de
448 2464 560 2520 Christi
586 2463 746 2522 divinitate·
761 2473 790 2519 et
811 2463 1011 2534 humanitate,
1037 2465 1074 2520 de

23 2561 159 2621 peccato,
178 2553 213 2606 de
231 2553 414 2610 redemtione
425 2556 544 2624 generis
555 2553 696 2622 humani,
715 2555 751 2610 de
764 2557 981 2611 resurreetione
992 2564 1075 2610 mor.

22 2650 152 2710 tuorum,
171 2641 207 2696 de
224 2645 282 2700 vita
294 2647 432 2710 aeterna,
450 2655 481 2700 et
498 2645 617 2702 similia:
644 2645 719 2711 scit,
736 2645 876 2717 inquam,
898 2646 954 2716 ista
965 2645 1075 2717 ,doceri
1140 2667 1143 2674 ’

2 2747 46 2784 ·et
61 2731 149 2786 credi
161 2732 247 2786 etiam
266 2749 281 2787 a
298 2734 396 2790 multis
415 2734 514 2804 impiis
531 2745 561 2788 et
579 2734 660 2788 falsis
674 2732 855 2794 christianis.
890 2733 947 2790 sed
964 2735 1077 2790 fastidit

22 2823 130 2890 omnia,
155 2821 217 2876 imo
234 2821 349 2888 utillum
366 2823 488 2881 dubium
506 2833 554 2878 est
568 2840 641 2878 vere
659 2824 811 2892 eredenti,
836 2824 884 2878 cui
905 2825 1027 2894 spiritus
1044 2825 1075 2880 in

20 2915 131 2968 naribus
151 2921 217 2980 est,
243 2929 312 2968 eum
334 2929 401 2970 esse
425 2929 441 2968 a
463 2913 675 2982 religionibus,
703 2901 877 2986 praesertim
894 2914 1074 2988 christiana,
1226 2982 1234 2998 Ι

21 3019 139 3074 prorsus
156 3003 252 3058 alieno
269 3014 299 3058 et
315 3004 495 3066 abhorrente
513 3007 620 3058 animo.
647 3005 745 3076 Hujus
765 3007 857 3060 multa
872 3007 977 3060 indicia
993 3023 1075 3078 spar.

21 3094 172 3172 sitnserit,
190 3103 220 3148 et
236 3096 368 3162 futurum
385 3105 433 3148 est
449 3095 624 3170 aliqnando,
641 3108 693 3166 ut,
711 3095 790 3150 siout
801 3109 913 3166 sorex,
928 3097 993 3153 suis
1005 3113 1076 3168 pro.

20 3187 82 3256 priis
101 3183 219 3240 indiciis
236 3201 305 3240 sese
322 3185 428 3256 prodat
446 3195 475 3239 et
492 3187 604 3256 perdat.

77 3323 182 3382 Edidit
208 3325 283 3380 inter
308 3334 425 3396 caetera
452 3341 549 3396 nuper
574 3323 662 3377 etiam
690 3323 925 3393 catechismum,
949 3309 1075 3380 xartificio

20 3419 98 3486 plane
126 3416 260 3472 satanico
286 3417 506 3486 compositum,
536 3425 564 3468 et
590 3415 663 3468 satis
687 3423 783 3468 astuto
810 3415 937 3470 consilio
966 3417 1077 3486 cogitat
1120 3443 1136 3450 ··

19 3508 171 3578 pueritiam
191 3513 228 3560 et'
237 3506 428 3576 juventutem
446 3503 636 3558 christianam
654 3517 876 3574 praeoccupare
894 3515 923 3558 et
940 3505 1073 3562 imbuere

19 3600 74 3652 suis
91 3597 235 3672 venenis,
255 3613 332 3668 quae·
347 3608 452 3668 postea
467 3612 527 3650 non
541 3603 649 3666 queant
661 3609 792 3664 unquam
804 3593 980 3663 illis-eximi,
997 3599 1077 3654 sicut

17 3688 77 3758 ipse
94 3686 228 3748 inltalia
245 3698 275 3742 et
293 3686 389 3740 Roma
405 3700 474 3740 suas
491 3683 610 3738 Lamias
629 3695 661 3736 et·
676 3681 841 3752 Megaeras'
856 3684 956 3755 suxit,
981 3687 1021 3740 ita
1043 3673 1078 3746 ut

19 3779 50 3831 sit
66 3795 149 3832 nunc
168 3776 246 3832 nulla
263 3775 378 3829 medela
390 3773 541 3828 sanabilis.
556 3817 558 3821 ,
576 3771 653 3848 Quis
666 3773 745 3826 enim
759 3771 988 3828 ehiistianorum
1000 3777 1077 3840 ferat

16 3867 88 3923 hano
108 3864 253 3921 rationem
275 3861 445 3919 instituendi
470 3878 599 3936 pueros,
624 3871 673 3916 aut
698 3863 789 3917 rudes
812 3863 920 3918 infide
945 3863 1076 3936 Christi,
1110 3925 1112 3932 ¹

14 3977 69 4032 qua
78 3949 228 4016 Erasmus
244 3955 357 4014 utitur?
389 3954 480 4014 Certe
496 3952 714 4025 auhuusteuer
731 3961 762 4010 et
777 3952 859 4010 rudis
863 3991 876 4024 ,
888 3953 1076 4030 simplicibus
1089 4028 1098 4034 ,
