2692 4612
206 279 274 360 -us
683 355 686 361 ,
717 277 809 386 tato.
884 235 887 239 ’

232 399 365 496 treberi.
397 436 506 496 Habes.
520 440 584 498 iere
606 455 689 516 rem,
705 442 737 510 ¹)
757 451 791 496 ιιι
807 437 900 498 bodie
917 395 1068 509 Augustae
1084 433 1184 496 habet.
1218 432 1303 492 Phi.

230 527 339 600 lippus,
351 528 458 600 Jonas,
471 532 646 604 Spalatinus,
661 532 800 601 Agricola
813 547 883 588 curn
895 530 1036 600 Principe
1048 538 1118 584 sunt
1129 531 1301 596 Augustae.

294 635 325 700 ²)
343 635 447 693 Scribo
470 626 578 694 Comiti
596 630 711 694 Frisios
731 633 968 704 consentanee,
992 644 1024 689 ut
1046 635 1131 708 petis.
1169 631 1301 710 Deinde

230 727 385 782 mendacia
407 721 579 798 Carlstadii,
601 747 677 801 quae
699 738 785 786 antea
805 729 938 796 misisti,
955 713 1089 798 Principi
1113 722 1239 792 tradidi,
1269 733 1302 778 et

230 815 376 885 arbitror,
393 819 502 874 Comiti
520 809 692 892 a'Pnnctpe
709 834 779 875 esse
797 819 953 890 seriptum.
988 816 1054 887 Ego
1071 829 1194 888 quoque
1212 814 1300 885 idern

229 904 283 961 tibi
296 906 461 976 significavi
474 909 584 976 literis,
601 911 682 980 quod
695 919 779 966 certo
795 909 876 964 seio:
892 907 1003 973 miror,
1020 906 1045 960 si
1057 923 1118 960 non
1129 903 1302 998 acceperis.
1341 900 1342 912 ¹

294 1013 394 1070 Porro
411 1015 494 1088 quod
509 1016 734 1071 sacramentarii
753 1016 886 1085 jactant,
911 1030 960 1070 me
985 1029 1054 1068 esse
1070 1009 1230 1086 Marpurgi
1253 1011 1303 1064 vi.
1341 1021 1342 1056 1

230 1113 332 1173 etum,
349 1123 434 1162 more
452 1123 508 1162 suo
525 1121 624 1177 agunt.
658 1106 732 1162 Sunt
749 1107 826 1162 enirn
843 1123 904 1160 non
922 1105 1021 1162 solum
1036 1103 1216 1169 mendaces,
1240 1101 1301 1157 sed

230 1193 329 1266 ipsum
347 1197 553 1267 mendacium,
579 1199 666 1252 fiacus
689 1207 719 1256 et
737 1195 900 1265 simulatio,
920 1185 1007 1268 ‘quod
1027 1204 1172 1250 testantur
1188 1191 1302 1248 Caml.
1342 1248 1343 1252 ,

218 1287 343 1341 tstadius
361 1296 391 1342 et
408 1287 604 1356 Z'winglius
597 1287 671 1359 ipsis
689 1289 773 1342 factis
792 1297 822 1344 et
840 1286 939 1341 verbis
956 1287 1030 1341 suis.
1065 1283 1300 1353 videsnutem,
1342 1279 1343 1346 ἶ

228 1373 288 1433 hos
306 1375 460 1446 Marpurgi
478 1393 639 1434 revocasse
658 1379 686 1432 in
704 1378 837 1432 articulis
853 1377 959 1448 positis
978 1393 1030 1445 ea,
1050 1391 1125 1448 quae
1144 1375 1179 1432 dc
1196 1374 1302 1447 bapti.
1342 1395 1343 1402 ¹

229 1447 314 1533 sno,
338 1480 596 1520 sacramentorum
617 1484 692 1536 usu,
718 1441 854 1522 similiter
876 1465 1002 1522 externo
1025 1465 1143 1530 verbo,
1164 1473 1195 1518 et
1217 1465 1299 1534 alia,

229 1570 306 1627 quae
329 1555 475 1612 hactenus
499 1557 585 1614 editis
613 1558 694 1612 libn‘s
717 1559 889 1630 pestilenter
912 1558 1089 1612 docuerunt.
1123 1549 1191 1610 Nos
1215 1553 1299 1612 mhil
1343 1598 1344 1634 ,

228 1645 451 1702 revocavimus.
485 1647 610 1701 Areum
629 1648 699 1702 vieti
719 1658 822 1702 essent
839 1647 927 1702 etiam
952 1647 981 1700 in
999 1655 1093 1702 coena
1110 1645 1298 1714 Dominica,

228 1737 389 1792 noluerunt
406 1753 548 1792 revocare
564 1737 647 1792 hunc
665 1738 839 1804 articulum,
859 1737 974 1792 etiamsi
991 1733 1127 1791 viderent
1143 1749 1212 1790 sese
1229 1753 1299 1791 non
1343 1727 1344 1740 ¹

229 1825 402 1881 subsistere.
435 1826 614 1882 Metuebant
637 1828 716 1882 enim
734 1827 838 1898 plebes
855 1843 943 1895 suas,
967 1827 1002 1880 ud
1020 1841 1093 1898 quas
1108 1843 1176 1882 non
1188 1825 1299 1882 licuis.

229 1925 277 1993 set
294 1916 420 1988 reverti,
439 1917 464 1971 si
481 1927 683 1972 revocassent.
715 1935 720 1940 ·

293 2021 335 2076 Et
351 2024 403 2096 qui
420 2040 482 2080 non
498 2024 709 2094 vincerentur,
732 2039 802 2078 cnm
820 2023 965 2096 zwinglio
981 2019 1012 2092 3)
1035 2035 1128 2078 unum
1145 2027 1174 2078 et
1190 2029 1298 2078 totum

225 2115 556 2188 argumentum‘iuerit,
575 2131 687 2186 corpus
699 2131 760 2170 non
773 2131 865 2187 posse
884 2117 950 2170 esse
967 2115 1031 2170 sine
1048 2112 1118 2170 loco
1136 2122 1165 2167 et
1176 2113 1298 2169 dimen.

228 2203 332 2270 sione,
348 2205 395 2260 cui
413 2221 469 2276 ego
488 2221 527 2260 ex
544 2203 736 2277 philosophia
753 2207 897 2278 opposui:
923 2206 1021 2282 ipsum
1034 2203 1160 2260 coelum
1173 2214 1299 2259 natura.

227 2293 295 2348 liter
311 2311 378 2350 esse
397 2295 460 2350 sine
477 2295 566 2364 loeo,
588 2305 649 2350 tam
665 2295 804 2365 magnum
822 2309 952 2366 corpus,
975 2311 1041 2349 nec
1051 2287 1217 2348 dissolvere
1235 2311 1298 2364 po.

227 2394 358 2440 luerunt.
389 2383 627 2458 oecolampadio
644 2402 719 2440 vero
736 2377 767 2449 4)
786 2385 838 2470 luit
853 2386 977 2439 unicum
994 2364 1215 2452 argumentum.
1233 2382 1299 2438 Pa.

213 2481 288 2530 ures
312 2475 459 2552 appellant
476 2476 611 2544 signum,
636 2492 708 2544 ergo
725 2492 786 2529 non
804 2485 851 2530 est
867 2486 980 2546 corpus
1002 2473 1052 2528 ibi.
1086 2473 1192 2528 Multis
1214 2487 1296 2532 vero

224 2563 329 2618 verbis
349 2555 568 2634 promiserunt,
587 2580 621 2619 se
640 2565 716 2620 velle
733 2565 893 2620 nobiscum
911 2573 1031 2618 eatenus
1044 2564 1163 2631 dicere,
1178 2563 1298 2621 Christi

184 2685 185 2698 ι
228 2670 338 2726 corpus
351 2655 498 2712 veraciter
511 2669 577 2712 esse
596 2655 625 2709 in
638 2671 732 2710 coena
744 2670 904 2726 praesens,
921 2646 951 2708 at
964 2648 1154 2725 spiritualiter
1165 2657 1297 2725 tantum,

227 2752 260 2798 ιιι
280 2751 339 2802 'eos
364 2747 468 2800 iratres
492 2745 682 2816 dignaremur
698 2745 863 2822 appellare,
887 2753 917 2798 et
934 2745 1073 2800 simulare
1097 2744 1136 2799 ita
1158 2761 1298 2800 concor.

228 2835 324 2890 diam:
339 2833 402 2888 hoo
421 2835 503 2906 quod
520 2833 682 2903 Zwinglius
696 2835 795 2908 palam
813 2833 1003 2906 lachrymans
1021 2847 1123 2888 coram
1139 2831 1299 2903 Landgro.

224 2923 279 2978 -vio
297 2933 327 2978 et
342 2923 495 2978 ordinibus
507 2917 537 2990 ⁵)
557 2923 694 2993 rogabat,
709 2923 812 2978 dicens
830 2923 858 2976 in
872 2924 948 2978 baec
961 2923 1068 2978 verba:
1086 2922 1128 2984 ct
1145 2919 1200 2987 lint
1218 2921 1299 2984 ltine

227 3012 297 3072 litut
321 3012 373 3078 uui
387 3013 496 3076 ᾰιιιιιι
522 3011 573 3072 tuit
597 3016 680 3070 ιιιιιι
703 3012 746 3076 ,ιιι
766 3000 938 3071 {trutinent
962 3013 1023 3070 tint
1046 3001 1125 3079 han,
1149 3011 1223 3072 ιιιιιι
1242 3016 1300 3075 urit

106 3097 110 3108 ’
169 3105 173 3110 ’
228 3101 525 3172 διιιῖθίῐιιιιιιιιιιιι.
560 3102 683 3156 Summo
704 3101 854 3170 sutdioet
877 3105 1070 3156 contentione
1092 3113 1236 3171 egerunt,
1261 3113 1300 3159 ut

228 3194 403 3252 viderentur
426 3193 587 3250 nobiscum
611 3193 796 3260 concordes,
823 3191 861 3246 ita
886 3205 919 3247 ιιι
937 3191 1014 3250 hanc
1032 3209 1143 3248 vocem
1157 3185 1191 3258 6)
1217 3211 1300 3250 nun.

146 3291 149 3296 ’
228 3299 318 3358 quam
334 3278 439 3341 enimc
457 3289 582 3356 possent
599 3284 697 3337 ferre:
715 3283 777 3336 Vos
793 3281 909 3336 habetis
927 3277 1015 3340 altum
1022 3283 1184 3356 spiritum,
1202 3299 1301 3362 qnam

228 3393 296 3430 nos.
331 3373 486 3430 Ardebant
502 3373 573 3442 toti,
592 3371 709 3444 quoties
726 3369 804 3444 haee
822 3373 986 3426 audiebant.
1021 3363 1154 3428 Tandem
1173 3373 1203 3426 id
1221 3391 1302 3436 con.

228 3466 395 3544 cessimus,
420 3473 454 3518 ut
476 3463 603 3517 articulo
626 3463 731 3515 ultimo
748 3461 887 3532 ponitur,
912 3474 945 3519 ιι
967 3463 1075 3517 fratres
1092 3461 1213 3534 quidem
1231 3481 1300 3520 non

102 3541 104 3544 ¹
173 3593 195 3620 ,-
229 3564 351 3623 essent,
369 3555 422 3608 sed
439 3559 538 3608 tamen
557 3550 698 3607 charitate
715 3563 836 3620 nostra,
858 3568 933 3622 qnae
948 3552 1039 3626 etiam
1052 3553 1137 3610 besti
1155 3553 1301 3625 debmur,

229 3665 292 3712 non
315 3647 523 3720 spoliarentur.
557 3643 601 3698 Ita
624 3639 826 3712 indignissime
853 3643 950 3698 affecti
975 3651 1064 3712 sunt,
1089 3645 1170 3718 quod
1195 3645 1300 3704 fratris

196 3860 199 3865 Ι
279 3877 499 3947 tlarrrifinova.
548 3893 571 3945 2>
584 3891 697 3945 A.†lle
710 3891 758 3937 tuis
773 3892 852 3938 rebus.
901 3895 925 3944 3)
944 3892 1110 3950 nzntngltt.
1127 3871 1184 3954 ’.4)
1202 3895 1303 3957 Α.ομ

235 3965 379 4025 ntanpaut
393 3967 450 4020 ιιιιιι
463 3976 533 4012 vero.
588 3966 611 4015 5)
626 3968 656 4012 Α.
671 3965 789 4042 omnibus,
848 3968 869 4020 tt
883 3969 912 4013 Δ.
926 3968 941 4020 ι
956 3977 987 4014 ex
999 3979 1046 4014 me.
